ID,Project_Code,PQ,PO/SO,ASN/DN,Country,Managed_By,Fulfill_Via,Vendor_INCO_Term,Shipment_Mode,PQ_First_Sent_to_Client_Date,PO_Sent_to_Vendor_Date,Scheduled_Delivery_Date,Delivered_to_Client_Date,Delivery_Recorded_Date,Product_Group,Sub_Classification,Vendor,Item_Description,Molecule/Test_Type,Brand,Dosage,Dosage_Form,Unit_of_Measure_(Per_Pack),Line_Item_Quantity,Line_Item_Value,Pack_Price,Unit_Price,Manufacturing_Site,First_Line_Designation,Weight_(Kilograms),Freight_Cost_(USD),Line_Item_Insurance_(USD)
84617,104-CI-T30,FPQ-6495,SO-37710,DN-2098,Côte d'Ivoire,PMO - US,From RDC,N/A - From RDC,Truck,10/4/10,N/A - From RDC,31-Jan-11,22-Feb-11,22-Feb-11,ARV,Adult,SCMS from RDC,"Emtricitabine/Tenofovir Disoproxil Fumarate 200/300mg, tablets, 30 Tabs",Emtricitabine/Tenofovir Disoproxil Fumarate,Generic,200/300mg,Tablet - FDC,30,9920,108326.4,10.92,0.36,Mylan (formerly Matrix) Nashik,No,See DN-2098 (ID#:83482),See DN-2098 (ID#:83482),233.55
82799,110-ZM-T30,FPQ-14784,SO-49601,DN-4250,Zambia,PMO - US,From RDC,N/A - From RDC,Truck,8/12/14,N/A - From RDC,29-May-15,15-May-15,15-May-15,ARV,Pediatric,SCMS from RDC,"Abacavir/Lamivudine 60/30mg, tablets, 60 Tabs",Abacavir/Lamivudine,Generic,60/30mg,Tablet - FDC,60,33308,131566.6,3.95,0.07,Mylan (formerly Matrix) Nashik,Yes,2803,4040.64,135.25
12067,112-NG-T01,Pre-PQ Process,SO-636,DN-191,Nigeria,PMO - US,From RDC,N/A - From RDC,,Pre-PQ Process,N/A - From RDC,26-Jun-07,26-Jun-07,26-Jun-07,ARV,Adult,SCMS from RDC,"Lamivudine/Nevirapine/Stavudine 150/200/40mg, tablets, 60 Tabs",Lamivudine/Nevirapine/Stavudine,Generic,150/200/40mg,Tablet - FDC,60,903,6953.1,7.7,0.13,"Cipla, Goa, India",Yes,57,1339.8,11.12
86720,109-TZ-T30,FPQ-13042,SO-46674,DN-3867,Tanzania,PMO - US,From RDC,N/A - From RDC,Truck,10/1/13,N/A - From RDC,29-Aug-14,29-Sep-14,6-Oct-14,ARV,Pediatric,SCMS from RDC,"Lamivudine/Nevirapine/Zidovudine 30/50/60mg, dispersible tablets, 60 Tabs",Lamivudine/Nevirapine/Zidovudine,Generic,30/50/60mg,Chewable/dispersible tablet - FDC,60,42141,157185.93,3.73,0.06,Mylan (formerly Matrix) Nashik,No,See DN-3867 (ID#:84968),See DN-3867 (ID#:84968),194.44
9918,108-VN-T01,Pre-PQ Process,SCMS-26171,ASN-2515,Vietnam,PMO - US,Direct Drop,EXW,Air,Pre-PQ Process,7/1/08,25-Sep-08,25-Sep-08,25-Sep-08,ARV,Adult,Aurobindo Pharma Limited,"Lamivudine/Zidovudine 150/300mg, tablets, 60 Tabs",Lamivudine/Zidovudine,Generic,150/300mg,Tablet - FDC,60,1800,15498.0,8.61,0.14,"Aurobindo Unit III, India",No,See ASN-2515 (ID#:4635),See ASN-2515 (ID#:4635),24.8
82392,114-UG-T30,FPQ-7162,SO-38801,DN-2297,Uganda,PMO - US,From RDC,N/A - From RDC,Truck,2/14/11,N/A - From RDC,5-Aug-11,5-Aug-11,5-Aug-11,ARV,Adult,SCMS from RDC,"Nevirapine 200mg, tablets, 60 Tabs",Nevirapine,Generic,200mg,Tablet,60,451,1132.01,2.51,0.04,"Strides, Bangalore, India.",Yes,698,3865.63,1.87
21033,110-ZM-T30,FPQ-13224,SCMS-215200,ASN-23390,Zambia,PMO - US,Direct Drop,FCA,Air,10/31/13,11/19/13,7-Feb-14,7-Feb-14,13-Feb-14,ARV,Pediatric,ABBVIE LOGISTICS (FORMERLY ABBOTT LOGISTICS BV),"Lopinavir/Ritonavir 80/20mg/ml [Kaletra], oral solution, cool, Bottle 5 x 60 ml",Lopinavir/Ritonavir,Kaletra,80/20mg/ml,Oral solution,300,2569,79176.58,30.82,0.1,ABBVIE (Abbott) Logis. UK,Yes,2410,14384.91,81.39
83428,109-TZ-T30,FPQ-5237,SO-36042,DN-1835,Tanzania,PMO - US,From RDC,N/A - From RDC,Air,3/1/10,N/A - From RDC,21-Jul-10,21-May-10,21-May-10,ARV,Adult,SCMS from RDC,"Nevirapine 200mg, tablets, 60 Tabs",Nevirapine,Generic,200mg,Tablet,60,40000,109200.0,2.73,0.05,"Strides, Bangalore, India.",Yes,6240,27922.62,235.44
83886,151-NG-T30,FPQ-14766,SO-49683,DN-4128,Nigeria,PMO - US,From RDC,N/A - From RDC,Air Charter,8/13/14,N/A - From RDC,28-Feb-15,5-Feb-15,16-Feb-15,ARV,Adult,SCMS from RDC,"Lamivudine/Nevirapine/Zidovudine 150/200/300mg, tablets, 60 Tabs",Lamivudine/Nevirapine/Zidovudine,Generic,150/300/200mg,Tablet - FDC,60,42500,328100.0,7.72,0.13,Hetero Unit III Hyderabad IN,Yes,6229,12045.84,337.29
84432,107-RW-T30,FPQ-14811,SO-49951,DN-4040,Rwanda,PMO - US,From RDC,N/A - From RDC,Truck,10/15/14,N/A - From RDC,14-Jan-15,24-Dec-14,5-Jan-15,ARV,Pediatric,SCMS from RDC,"Abacavir/Lamivudine 60/30mg, dispersible tablets, 60 Tabs",Abacavir/Lamivudine,Generic,60/30mg,Chewable/dispersible tablet - FDC,60,3238,16481.42,5.09,0.08,"Cipla, Patalganga, India",No,See DN-4040 (ID#:82758),See DN-4040 (ID#:82758),16.94
84410,151-NG-T30,FPQ-13293,SO-47280,DN-3917,Nigeria,PMO - US,From RDC,N/A - From RDC,Air Charter,11/19/13,N/A - From RDC,30-Sep-14,3-Sep-14,5-Sep-14,ARV,Adult,SCMS from RDC,"Lamivudine/Zidovudine 150/300mg, tablets, 60 Tabs",Lamivudine/Zidovudine,Generic,150/300mg,Tablet - FDC,60,105344,708965.12,6.73,0.11,"Aurobindo Unit III, India",Yes,10622,61850,728.82
62948,108-VN-T30,FPQ-15692,SCMS-274350,ASN-32777,Vietnam,PMO - US,Direct Drop,EXW,Air,1/28/15,2/17/15,27-Jul-15,27-Jul-15,27-Jul-15,ARV,Adult,MYLAN LABORATORIES LTD (FORMERLY MATRIX LABORATORIES),"Lamivudine/Nevirapine/Zidovudine 150/200/300mg, tablets, 60 Tabs",Lamivudine/Nevirapine/Zidovudine,Generic,150/300/200mg,Tablet - FDC,60,14663,118770.3,8.1,0.13,Mylan (formerly Matrix) Nashik,Yes,Weight Captured Separately,Invoiced Separately,139.79
56165,104-CI-T30,FPQ-4698,SCMS-62980,ASN-6559,Côte d'Ivoire,PMO - US,Direct Drop,CIP,Air,12/28/09,2/12/10,27-Apr-10,27-Apr-10,27-Apr-10,ARV,Adult,MERCK SHARP & DOHME IDEA GMBH (FORMALLY MERCK SHARP & DOHME B.V.),"Indinavir 400mg [Crixivan], capsules, 180 Caps",Indinavir,Crixivan,400mg,Capsule,180,2000,100000.0,50.0,0.28,"MSD, Haarlem, NL",Yes,518,1434.5,215.6
43140,109-TZ-T30,FPQ-13418,SCMS-219190,ASN-25073,Tanzania,PMO - US,Direct Drop,EXW,Air,12/13/13,12/27/13,19-May-14,19-May-14,19-May-14,ARV,Adult,HETERO LABS LIMITED,"Nevirapine 200mg, tablets, 60 Tabs",Nevirapine,Generic,200mg,Tablet,60,96200,209716.0,2.18,0.04,Hetero Unit III Hyderabad IN,Yes,6320,33343.63,215.59
9640,102-GY-T01,Pre-PQ Process,SCMS-18800,ASN-1613,Guyana,PMO - US,Direct Drop,EXW,Air,Pre-PQ Process,3/13/08,6-May-08,6-May-08,6-May-08,HRDT,HIV test,"Trinity Biotech, Plc","HIV 1/2, Uni-Gold HIV Kit, 20 Tests","HIV 1/2, Uni-Gold HIV Kit",Uni-Gold,,Test kit,20,748,23936.0,32.0,1.6,"Trinity Biotech, Plc",Yes,748,3740.04,38.3
39184,104-CI-T30,FPQ-7325,SCMS-106600,ASN-11740,Côte d'Ivoire,PMO - US,Direct Drop,EXW,Air,3/9/11,5/5/11,8-Sep-11,8-Sep-11,8-Sep-11,HRDT,HIV test,"Orgenics, Ltd","HIV 1/2, Determine Complete HIV Kit, 100 Tests","HIV 1/2, Determine Complete HIV Kit",Determine,,Test kit,100,2821,225680.0,80.0,0.8,Inverness Japan,Yes,1346,34282.33,372.37
11626,107-RW-T01,Pre-PQ Process,SO-17230,DN-961,Rwanda,PMO - US,From RDC,N/A - From RDC,Truck,Pre-PQ Process,N/A - From RDC,28-Oct-08,28-Oct-08,28-Oct-08,ARV,Adult,SCMS from RDC,"Nevirapine 200mg, tablets, 60 Tabs",Nevirapine,Generic,200mg,Tablet,60,288,921.6,3.2,0.05,"Aurobindo Unit III, India",Yes,28,896.26,1.81
86285,151-NG-T30,FPQ-4537,SO-35091,DN-1694,Nigeria,PMO - US,From RDC,N/A - From RDC,Air Charter,11/6/09,N/A - From RDC,19-Apr-10,31-Mar-10,31-Mar-10,ARV,Adult,SCMS from RDC,"Zidovudine 300mg, tablets, 60 Tabs",Zidovudine,Generic,300mg,Tablet,60,5000,37500.0,7.5,0.12,Mylan (formerly Matrix) Nashik,Yes,264,Freight Included in Commodity Cost,80.85
86301,151-NG-T30,FPQ-4537,SO-36009,DN-1808,Nigeria,PMO - US,From RDC,N/A - From RDC,Air Charter,11/6/09,N/A - From RDC,31-May-10,18-May-10,18-May-10,ARV,Adult,SCMS from RDC,"Emtricitabine/Tenofovir Disoproxil Fumarate 200/300mg, tablets, 30 Tabs",Emtricitabine/Tenofovir Disoproxil Fumarate,Generic,200/300mg,Tablet - FDC,30,109140,1282395.0,11.75,0.39,Mylan (formerly Matrix) Nashik,Yes,8735,9736.1,2764.84
12751,112-NG-T01,Pre-PQ Process,SO-567,DN-475,Nigeria,PMO - US,From RDC,N/A - From RDC,Air,Pre-PQ Process,N/A - From RDC,3-Dec-07,3-Dec-07,3-Dec-07,ARV,Adult,SCMS from RDC,"Lamivudine 150mg, tablets, 60 Tabs",Lamivudine,Generic,150mg,Tablet,60,645,2134.95,3.31,0.06,"Aurobindo Unit III, India",No,See DN-475 (ID#:10642),See DN-475 (ID#:10642),3.42
46895,133-NG-T30,FPQ-12812,SCMS-210341,ASN-24162,Nigeria,PMO - US,Direct Drop,EXW,Air,8/13/13,11/1/13,6-Feb-14,6-Feb-14,7-Feb-14,HRDT,HIV test,"CHEMBIO DIAGNOSTIC SYSTEMS, INC.","HIV 1/2, Stat-Pak HIV, Kit, 20 Tests","HIV 1/2, Stat-Pak HIV, Kit",Stat-Pak,,Test kit,20,3487,111584.0,32.0,1.6,Chembio Diagnostics Sys. Inc.,Yes,1252,5850.25,138.03
23967,116-ZA-T30,FPQ-13973,SCMS-238555,ASN-29257,South Africa,PMO - US,Direct Drop,DDP,Truck,4/30/14,11/4/14,5-Nov-14,5-Nov-14,5-Nov-14,ARV,Adult,PHARMACY DIRECT,"Abacavir 300mg, tablets, 60 Tabs",Abacavir,Generic,300mg,Tablet,60,84,5795.22,68.99,1.15,"Aurobindo Unit III, India",No,Weight Captured Separately,Freight Included in Commodity Cost,5.96
66690,161-ZA-T30,FPQ-5303,SCMS-69030,ASN-7772,South Africa,PMO - US,Direct Drop,DDP,Air,3/18/10,3/19/10,20-Sep-10,20-Sep-10,20-Sep-10,ARV,Adult,Aurobindo Pharma Limited,"Zidovudine 300mg, tablets, 60 Tabs",Zidovudine,Generic,300mg,Tablet,60,44168,328168.24,7.43,0.12,"Aurobindo Unit III, India",Yes,2373,1697.9,707.53
85907,900-CM-T30,FPQ-10641,SO-43380,DN-2887,Cameroon,PMO - US,From RDC,N/A - From RDC,Air Charter,9/19/12,N/A - From RDC,7-Nov-12,17-Oct-12,17-Oct-12,ARV,Adult,SCMS from RDC,"Lamivudine/Tenofovir Disoproxil Fumarate 300/300mg, tablets, 30 Tabs",Lamivudine/Tenofovir Disoproxil Fumarate,Generic,300/300mg,Tablet - FDC,30,18486,99084.96,5.36,0.18,"Cipla, Kurkumbh, India",No,See DN-2887 (ID#:82520),See DN-2887 (ID#:82520),138.92
85324,101-CD-T30,FPQ-11054,SO-43680,DN-2981,"Congo, DRC",PMO - US,From RDC,N/A - From RDC,Air,11/16/12,N/A - From RDC,11-Sep-13,11-Sep-13,11-Sep-13,ARV,Pediatric,SCMS from RDC,"Nevirapine 10mg/ml, oral suspension w/syringe, Bottle, 240 ml",Nevirapine,Generic,10mg/ml,Oral suspension,240,7003,13655.85,1.95,0.01,"Aurobindo Unit III, India",No,See DN-2981 (ID#:82538),See DN-2981 (ID#:82538),16.89
7469,117-ET-T01,Pre-PQ Process,SCMS-32640,ASN-2934,Ethiopia,PMO - US,Direct Drop,EXW,Air,Pre-PQ Process,10/27/08,3-Dec-08,1-Dec-08,1-Dec-08,HRDT,HIV test,"SHANGHAI KEHUA BIOENGINEERING CO.,LTD.  (KHB)","HIV 1/2, SKB Colloidal Gold, Diagnostic Kit, Antibody, 50 Tests","HIV 1/2, Colloidal Gold, Diagnostic Kit, Antibody",Colloidal Gold,,Test kit,1,3510,80730.0,23.0,23.0,"KHB Test Kit Facility, Shanghai China",Yes,2535,23035.69,158.23
12234,110-ZM-T01,Pre-PQ Process,SO-2480,DN-855,Zambia,PMO - US,From RDC,N/A - From RDC,Truck,Pre-PQ Process,N/A - From RDC,20-Aug-08,20-Aug-08,20-Aug-08,ARV,Adult,SCMS from RDC,"Efavirenz 600mg, tablets, 30 Tabs",Efavirenz,Generic,600mg,Tablet,30,50000,600500.0,12.01,0.4,Mylan (formerly Matrix) Nashik,Yes,3841,3558.49,960.8
71076,116-ZA-T30,FPQ-13973,SCMS-238550,ASN-30792,South Africa,PMO - US,Direct Drop,DDP,Truck,4/30/14,5/8/14,19-Feb-15,19-Feb-15,19-Feb-15,ARV,Adult,PHARMACY DIRECT,"Raltegravir 400mg [Isentress], tablets, 60 Tabs",Raltegravir,Isentress,400mg,Tablet,60,3,253.94,84.65,1.41,"MSD, Haarlem, NL",No,Weight Captured Separately,Freight Included in Commodity Cost,0.26
83610,107-RW-T30,FPQ-10119,SO-42730,DN-2783,Rwanda,PMO - US,From RDC,N/A - From RDC,Air,6/18/12,N/A - From RDC,28-Sep-12,17-Aug-12,17-Aug-12,ARV,Adult,SCMS from RDC,"Lamivudine/Zidovudine 150/300mg, tablets, 60 Tabs",Lamivudine/Zidovudine,Generic,150/300mg,Tablet - FDC,60,29880,232466.4,7.78,0.13,"Aurobindo Unit III, India",Yes,2699,16152,325.92
62586,114-UG-T30,FPQ-10489,SCMS-159280,ASN-16778,Uganda,PMO - US,Direct Drop,DAP,Air,8/24/12,9/6/12,25-Oct-12,25-Oct-12,25-Oct-12,ARV,Adult,ASPEN PHARMACARE,"Etravirine 100mg [Intelence], tablets, 120 Tabs",Etravirine,Intelence,100mg,Tablet,120,111,3996.0,36.0,0.3,"Janssen-Cilag, Latina, IT",Yes,24,330,5.6
85203,200-ZW-T30,FPQ-6483,SO-37901,DN-2372,Zimbabwe,PMO - US,From RDC,N/A - From RDC,Truck,10/13/10,N/A - From RDC,14-Oct-11,21-Oct-11,21-Oct-11,ARV,Pediatric,SCMS from RDC,"Lamivudine/Nevirapine/Zidovudine 30/50/60mg, dispersible tablets, 60 Tabs",Lamivudine/Nevirapine/Zidovudine,Generic,30/50/60mg,Chewable/dispersible tablet - FDC,60,24940,105995.0,4.25,0.07,Mylan (formerly Matrix) Nashik,Yes,1456,2326.77,228.53
83830,107-RW-T30,FPQ-13812,SO-48150,DN-3845,Rwanda,PMO - US,From RDC,N/A - From RDC,Truck,3/4/14,N/A - From RDC,16-Sep-14,1-Aug-14,22-Aug-14,ARV,Adult,SCMS from RDC,"Tenofovir Disoproxil Fumarate 300mg, tablets, 30 Tabs",Tenofovir Disoproxil Fumarate,Generic,300mg,Tablet,30,715,2888.6,4.04,0.13,Mylan (formerly Matrix) Nashik,Yes,44,1171.2,2.97
86296,111-MZ-T30,FPQ-4711,SO-35750,DN-1795,Mozambique,PMO - US,From RDC,N/A - From RDC,Truck,12/23/09,N/A - From RDC,21-Jun-10,14-Jun-10,14-Jun-10,ARV,Adult,SCMS from RDC,"Lamivudine/Stavudine 150/30mg, tablets, 60 Tabs",Lamivudine/Stavudine,Generic,150/30mg,Tablet - FDC,60,8670,29478.0,3.4,0.06,"Cipla, Goa, India",No,See DN-1795 (ID#:82315),See DN-1795 (ID#:82315),63.55
64506,111-MZ-T30,FPQ-3999,SCMS-50180,ASN-4929,Mozambique,PMO - US,Direct Drop,EXW,Air,7/15/09,7/25/09,29-Sep-09,29-Sep-09,29-Sep-09,HRDT,HIV test,"Trinity Biotech, Plc","HIV 1/2, Uni-Gold HIV Kit, 20 Tests","HIV 1/2, Uni-Gold HIV Kit",Uni-Gold,,Test kit,20,4200,134400.0,32.0,1.6,"Trinity Biotech, Plc",Yes,1462,23097.81,263.42
6962,111-MZ-T01,Pre-PQ Process,SCMS-18060,ASN-1650,Mozambique,PMO - US,Direct Drop,EXW,Air,Pre-PQ Process,2/25/08,13-Jun-08,27-May-08,27-May-08,HRDT,HIV test,"Orgenics, Ltd","HIV 1/2, Determine HIV Kit, without Lancets, 100 Tests","HIV 1/2, Determine HIV Kit, without Lancets",Determine,,Test kit,100,4200,302358.0,71.99,0.72,Inverness Japan,Yes,965,7781.88,483.77
67389,108-VN-T30,FPQ-5317,SCMS-69240,ASN-7581,Vietnam,PMO - US,Direct Drop,EXW,Air,3/22/10,3/25/10,13-Aug-10,13-Aug-10,13-Aug-10,ARV,Adult,Aurobindo Pharma Limited,"Stavudine 30mg, capsules, 60 Caps",Stavudine,Generic,30mg,Capsule,60,28496,39894.4,1.4,0.02,"Aurobindo Unit III, India",No,See ASN-7581 (ID#:42811),See ASN-7581 (ID#:42811),86.01
82619,105-GY-T30,FPQ-12619,SO-46090,DN-3425,Guyana,PMO - US,From RDC,N/A - From RDC,Air,7/16/13,N/A - From RDC,31-Dec-13,2-Dec-13,20-Dec-13,ARV,Pediatric,SCMS from RDC,"Nevirapine 10mg/ml, oral suspension w/syringe, Bottle, 240 ml",Nevirapine,Generic,10mg/ml,Oral suspension,240,394,732.84,1.86,0.01,"Aurobindo Unit III, India",No,See DN-3425 (ID#:82618),See DN-3425 (ID#:82618),0.91
83982,106-HT-T30,FPQ-4384,SO-35920,DN-1667,Haiti,PMO - US,From RDC,N/A - From RDC,Air,10/23/09,N/A - From RDC,10-Mar-10,3-Mar-10,3-Mar-10,ARV,Adult,SCMS from RDC,"Stavudine 15mg, capsules, 60 Caps",Stavudine,Generic,15mg,Capsule,60,84,126.0,1.5,0.02,"Aurobindo Unit III, India",No,See DN-1667 (ID#:82861),See DN-1667 (ID#:82861),0.27
10846,105-GY-T01,Pre-PQ Process,SO-693,DN-232,Guyana,PMO - US,From RDC,N/A - From RDC,Air,Pre-PQ Process,N/A - From RDC,18-Jul-07,18-Jul-07,18-Jul-07,ARV,Adult,SCMS from RDC,"Zidovudine 300mg, tablets, 60 Tabs",Zidovudine,Generic,300mg,Tablet,60,209,1703.35,8.15,0.14,"Ranbaxy, Paonta Shahib, India",Yes,12,764.62,2.73
86485,113-ZW-T30,FPQ-8464,SO-40891,DN-2694,Zimbabwe,PMO - US,From RDC,N/A - From RDC,Truck,10/4/11,N/A - From RDC,16-Oct-12,27-Jun-12,27-Jun-12,ARV,Adult,SCMS from RDC,"Lamivudine/Nevirapine/Stavudine 150/200/30mg, tablets, 60 Tabs",Lamivudine/Nevirapine/Stavudine,Generic,150/200/30mg,Tablet - FDC,60,71030,333841.0,4.7,0.08,"Strides, Bangalore, India.",No,See DN-2694 (ID#:82483),See DN-2694 (ID#:82483),550.84
85854,102-DO-T30,FPQ-9676,SO-41880,DN-2638,Dominican Republic,PMO - US,From RDC,N/A - From RDC,Air,4/9/12,N/A - From RDC,21-May-12,4-May-12,4-May-12,ARV,Adult,SCMS from RDC,"Lamivudine/Tenofovir Disoproxil Fumarate 300/300mg, tablets, 30 Tabs",Lamivudine/Tenofovir Disoproxil Fumarate,Generic,300/300mg,Tablet - FDC,30,6263,34697.02,5.54,0.18,Mylan (formerly Matrix) Nashik,No,See DN-2638 (ID#:85257),See DN-2638 (ID#:85257),48.65
84627,114-UG-T30,FPQ-7166,SO-38890,DN-2135,Uganda,PMO - US,From RDC,N/A - From RDC,Air,2/11/11,N/A - From RDC,18-Apr-11,15-Mar-11,15-Mar-11,ARV,Adult,SCMS from RDC,"Zidovudine 300mg, tablets, 60 Tabs",Zidovudine,Generic,300mg,Tablet,60,46113,332474.73,7.21,0.12,"Aurobindo Unit III, India",Yes,2534,16629.49,548.58
52677,114-UG-T30,FPQ-13116,SCMS-212630,ASN-23223,Uganda,PMO - US,Direct Drop,EXW,Air,10/23/13,10/30/13,4-Mar-14,4-Mar-14,5-Mar-14,ARV,Pediatric,ABBVIE LOGISTICS (FORMERLY ABBOTT LOGISTICS BV),"Lopinavir/Ritonavir 80/20mg/ml [Kaletra], oral solution, cool, Bottle 5 x 60 ml",Lopinavir/Ritonavir,Kaletra,80/20mg/ml,Oral solution,300,188,5794.16,30.82,0.1,ABBVIE (Abbott) Logis. UK,Yes,221,2553.06,5.96
48516,106-HT-T30,FPQ-15038,SCMS-262950,ASN-30813,Haiti,PMO - US,Direct Drop,EXW,Air,10/22/14,12/24/14,30-Mar-15,30-Mar-15,31-Mar-15,ARV,Pediatric,Aurobindo Pharma Limited,"Zidovudine 100mg, capsules, 100 Caps",Zidovudine,Generic,100mg,Capsule,100,120,540.0,4.5,0.04,"Aurobindo Unit III, India",Yes,9,820.56,0.56
11238,111-MZ-T01,Pre-PQ Process,SO-1310,DN-688,Mozambique,PMO - US,From RDC,N/A - From RDC,Air,Pre-PQ Process,N/A - From RDC,30-Jun-08,30-Jun-08,30-Jun-08,ARV,Adult,SCMS from RDC,"Lamivudine/Nevirapine/Stavudine 150/200/30mg, tablets, 60 Tabs",Lamivudine/Nevirapine/Stavudine,Generic,150/200/30mg,Tablet - FDC,60,90955,673067.0,7.4,0.12,"Cipla, Goa, India",Yes,16579,8654.7,1076.91
16053,108-VN-T30,FPQ-13034,SCMS-210120,ASN-24394,Vietnam,PMO - US,Direct Drop,EXW,Air,10/4/13,10/10/13,23-Apr-14,23-Apr-14,23-Apr-14,ARV,Adult,HETERO LABS LIMITED,"Lamivudine 150mg, tablets, 60 Tabs",Lamivudine,Generic,150mg,Tablet,60,14011,25920.35,1.85,0.03,Hetero Unit III Hyderabad IN,Yes,1953,3658.08,32.06
48595,108-VN-T30,FPQ-15823,SCMS-277330,ASN-33152,Vietnam,PMO - US,Direct Drop,FCA,Air,2/13/15,3/4/15,13-Aug-15,13-Aug-15,13-Aug-15,ARV,Adult,ABBVIE LOGISTICS (FORMERLY ABBOTT LOGISTICS BV),"Ritonavir 100mg [Norvir], film coated tablets, 30 Tabs",Ritonavir,Norvir,100mg,Tablet,30,400,9304.0,23.26,0.78,ABBVIE Ludwigshafen Germany,No,See ASN-33152 (ID#:38571),See ASN-33152 (ID#:38571),10.95
62549,116-ZA-T30,FPQ-14942,SCMS-259076,ASN-32524,South Africa,PMO - US,Direct Drop,DDP,Truck,9/11/14,6/2/15,2-Jun-15,2-Jun-15,2-Jun-15,ARV,Adult,PHARMACY DIRECT,"Lamivudine 150mg, tablets, 60 Tabs",Lamivudine,Generic,150mg,Tablet,60,52,343.51,6.61,0.11,"Aurobindo Unit III, India",No,Weight Captured Separately,Freight Included in Commodity Cost,0.35
70614,114-UG-T30,FPQ-11098,SCMS-171680,ASN-18882,Uganda,PMO - US,Direct Drop,EXW,Air,12/13/12,1/2/13,29-Apr-13,29-Apr-13,29-Apr-13,HRDT,HIV test,"Orgenics, Ltd","HIV 1/2, Determine Complete HIV Kit, 100 Tests","HIV 1/2, Determine Complete HIV Kit",Determine,,Test kit,100,3035,242800.0,80.0,0.8,"Alere Medical Co., Ltd.",Yes,1346,32471.83,300.34
3292,133-NG-T01,Pre-PQ Process,SCMS-27050,ASN-2572,Nigeria,PMO - US,Direct Drop,EXW,Air,Pre-PQ Process,7/18/08,7-Nov-08,21-Oct-08,21-Oct-08,HRDT,HIV test,"CHEMBIO DIAGNOSTIC SYSTEMS, INC.","HIV 1/2, Stat-Pak HIV, Kit, 20 Tests","HIV 1/2, Stat-Pak HIV, Kit",Stat-Pak,,Test kit,20,12315,332505.0,27.0,1.35,Chembio Diagnostics Sys. Inc.,Yes,3508,29954.15,532.01
72066,116-ZA-T30,FPQ-12522,SCMS-199289,ASN-28033,South Africa,PMO - US,Direct Drop,DDP,Truck,7/11/13,8/29/14,29-Aug-14,29-Aug-14,29-Aug-14,ARV,Adult,S. BUYS WHOLESALER,"Lopinavir/Ritonavir 200/50mg [Aluvia], tablets, 120 Tabs",Lopinavir/Ritonavir,Aluvia,200/50mg,Tablet,120,70,1803.18,25.76,0.21,ABBVIE Ludwigshafen Germany,No,Weight Captured Separately,Freight Included in Commodity Cost,2.23
81769,116-ZA-T30,FPQ-12522,SCMS-199289,ASN-28036,South Africa,PMO - US,Direct Drop,DDP,Truck,7/11/13,8/29/14,29-Aug-14,29-Aug-14,29-Aug-14,ARV,Adult,S. BUYS WHOLESALER,"Emtricitabine/Tenofovir Disoproxil Fumarate 200/300mg, tablets, 30 Tabs",Emtricitabine/Tenofovir Disoproxil Fumarate,Generic,200/300mg,Tablet - FDC,30,302,10065.28,33.33,1.11,"Aurobindo Unit III, India",No,Weight Captured Separately,Freight Included in Commodity Cost,12.45
85705,117-ET-T30,FPQ-5581,SO-36680,DN-2006,Ethiopia,PMO - US,From RDC,N/A - From RDC,Air,4/28/10,N/A - From RDC,15-Sep-10,13-Sep-10,13-Sep-10,ARV,Adult,SCMS from RDC,"Lamivudine 150mg, tablets, 60 Tabs",Lamivudine,Generic,150mg,Tablet,60,1800,4194.0,2.33,0.04,"Aurobindo Unit III, India",Yes,74,530.36,9.04
82388,110-ZM-T30,FPQ-7233,SO-39040,DN-2273,Zambia,PMO - US,From RDC,N/A - From RDC,Truck,3/1/11,N/A - From RDC,15-Aug-11,5-Aug-11,5-Aug-11,ARV,Pediatric,SCMS from RDC,"Nevirapine 10mg/ml, oral suspension, Bottle, 240 ml",Nevirapine,Generic,10mg/ml,Oral suspension,240,20000,36000.0,1.8,0.01,"Aurobindo Unit III, India",Yes,7469,3949.19,59.4
73403,101-AF-T30,FPQ-15746,SCMS-275090,ASN-30861,Afghanistan,PMO - US,Direct Drop,EXW,Air,1/20/15,2/9/15,12-Jul-15,12-Jul-15,13-Jul-15,ANTM,Malaria,IMRES B.V.,"Quinine sulphate 300mg, film coated tablet, 1000 Tabs",Quinine,Generic,300mg,Tablet,1000,57,2881.35,50.55,0.05,Mepro Pharm Wadhwan Unit II,No,See ASN-30861 (ID#:41238),See ASN-30861 (ID#:41238),3.39
85474,109-TZ-T30,FPQ-12354,SO-45743,DN-3688,Tanzania,PMO - US,From RDC,N/A - From RDC,Truck,5/16/13,N/A - From RDC,1-Jun-14,5-Jun-14,12-Jun-14,ARV,Adult,SCMS from RDC,"Efavirenz/Lamivudine/Tenofovir Disoproxil Fumarate 600/300/300mg, tablets, 30 Tabs",Efavirenz/Lamivudine/Tenofovir Disoproxil Fumarate,Generic,600/300/300mg,Tablet - FDC,30,151208,1590708.16,10.52,0.35,Hetero Unit III Hyderabad IN,Yes,20501,13765.17,1967.71
11386,100-CI-T01,Pre-PQ Process,SO-438,DN-80,Côte d'Ivoire,PMO - US,From RDC,N/A - From RDC,,Pre-PQ Process,N/A - From RDC,30-Apr-07,30-Apr-07,30-Apr-07,ARV,Adult,SCMS from RDC,"Lamivudine/Nevirapine/Stavudine 150/200/30mg, tablets, 60 Tabs",Lamivudine/Nevirapine/Stavudine,Generic,150/200/30mg,Tablet - FDC,60,9000,67500.0,7.5,0.12,"Cipla, Goa, India",Yes,974,3166,
82845,114-UG-T30,FPQ-4275,SO-33860,DN-1522,Uganda,PMO - US,From RDC,N/A - From RDC,Air,9/17/09,N/A - From RDC,3-Dec-09,30-Nov-09,30-Nov-09,ARV,Adult,SCMS from RDC,"Lamivudine/Nevirapine/Zidovudine 150/200/300mg, tablets, 60 Tabs",Lamivudine/Nevirapine/Zidovudine,Generic,150/300/200mg,Tablet - FDC,60,15584,174852.48,11.22,0.19,"Aurobindo Unit III, India",Yes,6843,15170.33,342.71
10089,102-BW-T01,Pre-PQ Process,SCMS-32490,ASN-2941,Botswana,PMO - US,Direct Drop,DDP,Truck,Pre-PQ Process,10/21/08,12-Nov-08,12-Nov-08,12-Nov-08,HRDT,HIV test,AHN (PTY) LTD (AKA UCB (S.A.),"HIV 1/2, OraQuick Advance HIV Rapid Antibody Kit, 100 Tests","HIV 1/2, OraQuick Advance HIV Rapid Antibody Kit",OraQuick,,Test kit,100,5,3500.0,700.0,7.0,"Pacific Biotech, Thailand",Yes,Weight Captured Separately,Freight Included in Commodity Cost,6.86
54780,106-HT-T30,FPQ-4034,SCMS-51230,ASN-4995,Haiti,PMO - US,Direct Drop,EXW,Air,7/29/09,9/1/09,7-Oct-09,7-Oct-09,7-Oct-09,HRDT,HIV test,Orasure Technologies Inc.,"HIV 1/2, OraQuick Advance HIV Rapid Antibody Kit, 100 Tests","HIV 1/2, OraQuick Advance HIV Rapid Antibody Kit",OraQuick,,Test kit,100,200,70000.0,350.0,3.5,"Pacific Biotech, Thailand",Yes,480,9334.68,137.2
73177,108-VN-T30,FPQ-12539,SCMS-210810,ASN-23667,Vietnam,PMO - US,Direct Drop,EXW,Air,7/11/13,10/14/13,22-Jan-14,22-Jan-14,22-Jan-14,ARV,Adult,HETERO LABS LIMITED,"Efavirenz 600mg, tablets, 30 Tabs",Efavirenz,Generic,600mg,Tablet,30,983,3184.92,3.24,0.11,Hetero Unit III Hyderabad IN,Yes,93,668.75,3.94
86601,104-CI-T30,FPQ-10633,SO-43361,DN-3312,Côte d'Ivoire,PMO - US,From RDC,N/A - From RDC,Truck,9/11/12,N/A - From RDC,30-Sep-13,13-Sep-13,13-Sep-13,ARV,Adult,SCMS from RDC,"Lamivudine/Tenofovir Disoproxil Fumarate 300/300mg, tablets, 30 Tabs",Lamivudine/Tenofovir Disoproxil Fumarate,Generic,300/300mg,Tablet - FDC,30,4900,23030.0,4.7,0.16,"Aurobindo Unit VII, IN",Yes,487,3738.53,32.29
84166,102-LY-T30,FPQ-9665,SO-41900,DN-2641,Libya,PMO - US,From RDC,N/A - From RDC,Air,4/4/12,N/A - From RDC,23-May-12,23-May-12,23-May-12,ARV,Adult,SCMS from RDC,"Lamivudine 150mg, tablets, 60 Tabs",Lamivudine,Generic,150mg,Tablet,60,8334,19418.22,2.33,0.04,Macleods Daman Plant INDIA,No,See DN-2641 (ID#:83029),See DN-2641 (ID#:83029),27.22
74419,101-CD-T30,FPQ-8792,SCMS-131070,ASN-14078,"Congo, DRC",PMO - US,Direct Drop,EXW,Air,12/14/11,1/9/12,18-Jun-12,18-Jun-12,18-Jun-12,HRDT,HIV test,"Orgenics, Ltd","HIV 1/2, Determine Complete HIV Kit, 100 Tests","HIV 1/2, Determine Complete HIV Kit",Determine,,Test kit,100,1265,101200.0,80.0,0.8,"Alere Medical Co., Ltd.",Yes,657,15722.05,141.88
84034,151-NG-T30,FPQ-5023,SO-37080,DN-1990,Nigeria,PMO - US,From RDC,N/A - From RDC,Air Charter,2/10/10,N/A - From RDC,12-Aug-10,17-Aug-10,17-Aug-10,ARV,Adult,SCMS from RDC,"Nevirapine 200mg, tablets, 60 Tabs",Nevirapine,Generic,200mg,Tablet,60,13104,35773.92,2.73,0.05,"Aurobindo Unit III, India",Yes,1448,6147.18,77.13
86402,900-GH-T30,FPQ-7866,SO-40000,DN-2320,Ghana,PMO - US,From RDC,N/A - From RDC,Air,6/13/11,N/A - From RDC,14-Nov-11,14-Nov-11,14-Nov-11,ARV,Adult,SCMS from RDC,"Nevirapine 200mg, tablets, 60 Tabs",Nevirapine,Generic,200mg,Tablet,60,45084,113160.84,2.51,0.04,Hetero Unit III Hyderabad IN,No,See DN-2320 (ID#:83523),See DN-2320 (ID#:83523),186.72
10937,105-GY-T01,Pre-PQ Process,SO-1239,DN-557,Guyana,PMO - US,From RDC,N/A - From RDC,Air,Pre-PQ Process,N/A - From RDC,24-Jan-08,24-Jan-08,24-Jan-08,ARV,Adult,SCMS from RDC,"Lamivudine/Zidovudine 150/300mg, tablets, 60 Tabs",Lamivudine/Zidovudine,Generic,150/300mg,Tablet - FDC,60,1008,9576.0,9.5,0.16,"Aurobindo Unit III, India",No,See DN-557 (ID#:10663),See DN-557 (ID#:10663),15.32
86335,104-CI-T30,FPQ-5623,SO-36880,DN-2011,Côte d'Ivoire,PMO - US,From RDC,N/A - From RDC,Air,5/7/10,N/A - From RDC,30-Sep-10,25-Sep-10,25-Sep-10,ARV,Adult,SCMS from RDC,"Efavirenz 600mg, tablets, 30 Tabs",Efavirenz,Generic,600mg,Tablet,30,26076,116038.2,4.45,0.15,Mylan (formerly Matrix) Nashik,No,See DN-2011 (ID#:82350),See DN-2011 (ID#:82350),250.18
83425,151-NG-T30,FPQ-4537,SO-34891,DN-1813,Nigeria,PMO - US,From RDC,N/A - From RDC,Air Charter,11/6/09,N/A - From RDC,31-May-10,18-May-10,18-May-10,ARV,Adult,SCMS from RDC,"Nevirapine 200mg, tablets, 60 Tabs",Nevirapine,Generic,200mg,Tablet,60,20000,53200.0,2.66,0.04,"Strides, Bangalore, India.",Yes,1098,9736.1,114.7
5033,116-ZA-T01,Pre-PQ Process,SCMS-40780,ASN-3607,South Africa,PMO - US,Direct Drop,DDP,Air,Pre-PQ Process,Date Not Captured,17-Mar-09,28-Nov-08,28-Nov-08,ARV,Adult,S. BUYS WHOLESALER,"Nevirapine 200mg, tablets, 60 Tabs",Nevirapine,Generic,200mg,Tablet,60,983,4875.68,4.96,0.08,"Aurobindo Unit III, India",No,Weight Captured Separately,Freight Included in Commodity Cost,9.56
84621,114-UG-T30,FPQ-6427,SO-37560,DN-2121,Uganda,PMO - US,From RDC,N/A - From RDC,Truck,9/29/10,N/A - From RDC,28-Feb-11,22-Mar-11,22-Mar-11,ARV,Adult,SCMS from RDC,"Lamivudine/Nevirapine/Zidovudine 150/200/300mg, tablets, 60 Tabs",Lamivudine/Nevirapine/Zidovudine,Generic,150/300/200mg,Tablet - FDC,60,8988,100845.36,11.22,0.19,Mylan (formerly Matrix) Nashik,No,See DN-2121 (ID#:82370),See DN-2121 (ID#:82370),217.42
84308,105-GY-T30,FPQ-12619,SO-46090,DN-3425,Guyana,PMO - US,From RDC,N/A - From RDC,Air,7/16/13,N/A - From RDC,31-Dec-13,2-Dec-13,20-Dec-13,ARV,Pediatric,SCMS from RDC,"Efavirenz 200mg, scored tablets, 90 Tabs",Efavirenz,Generic,200mg,Tablet,90,96,892.8,9.3,0.1,"Strides, Bangalore, India.",No,See DN-3425 (ID#:82618),See DN-3425 (ID#:82618),1.1
56902,116-ZA-T30,FPQ-13973,SCMS-238553,ASN-28021,South Africa,PMO - US,Direct Drop,DDP,Truck,4/30/14,8/28/14,28-Aug-14,28-Aug-14,28-Aug-14,ARV,Adult,PHARMACY DIRECT,"Didanosine 250mg, delayed-release capsules, 30 Caps",Didanosine,Generic,250mg,Delayed-release capsules,30,4,60.99,15.25,0.51,"Aurobindo Unit III, India",No,Weight Captured Separately,Freight Included in Commodity Cost,0.06
51233,108-VN-T30,FPQ-15087,SCMS-261460,ASN-30940,Vietnam,PMO - US,Direct Drop,EXW,Air,10/24/14,10/30/14,31-Mar-15,31-Mar-15,31-Mar-15,ARV,Adult,HETERO LABS LIMITED,"Lamivudine 150mg, tablets, 60 Tabs",Lamivudine,Generic,150mg,Tablet,60,9400,16920.0,1.8,0.03,Hetero Unit III Hyderabad IN,Yes,1030,1593.67,19.91
27234,107-RW-T30,FPQ-14813,SCMS-261770,ASN-29892,Rwanda,PMO - US,Direct Drop,EXW,Air,10/9/14,12/15/14,15-Jan-15,15-Jan-15,24-Feb-15,ARV,Pediatric,Aurobindo Pharma Limited,"Lopinavir/Ritonavir 100/25mg, tablets, 60 Tabs",Lopinavir/Ritonavir,Generic,100/25mg,Tablet,60,607,4880.28,8.04,0.13,"Aurobindo Unit III, India",Yes,66,1026.4,5.02
5675,116-ZA-T01,Pre-PQ Process,SCMS-19800,ASN-1664,South Africa,PMO - US,Direct Drop,DDP,Truck,Pre-PQ Process,2/20/08,24-Apr-08,29-Feb-08,29-Feb-08,ARV,Adult,S. BUYS WHOLESALER,"Zidovudine 300mg [Retrovir], tablets, 60 Tabs",Zidovudine,Retrovir,300mg,Tablet,60,1000,16400.0,16.4,0.27,GSK Aranda,No,Weight Captured Separately,Freight Included in Commodity Cost,26.24
69925,127-KE-T30,FPQ-8155,SCMS-119170,ASN-12443,Kenya,PMO - US,Direct Drop,EXW,Air,8/5/11,8/29/11,31-Oct-11,31-Oct-11,31-Oct-11,HRDT,HIV test,"Standard Diagnostics, Inc.","HIV 1/2, Bioline 3.0 Kit, Lancets, Capillary pipets, Alcohol swabs included, 25 Tests","HIV 1/2, Bioline 3.0 Kit, Lancets, Capillary pipets, Alcohol swabs included",Bioline,,Test kit,25,15304,306080.0,20.0,0.8,"Standard Diagnostics, Korea",Yes,5102,33718.08,505.03
86216,107-RW-T30,FPQ-16571,SO-51740,DN-4345,Rwanda,PMO - US,From RDC,N/A - From RDC,Air,7/7/15,N/A - From RDC,8-Sep-15,26-Aug-15,2-Sep-15,ARV,Pediatric,SCMS from RDC,"Efavirenz 200mg, scored tablets, 90 Tabs",Efavirenz,Generic,200mg,Tablet,90,2434,22636.2,9.3,0.1,"Strides, Bangalore, India.",No,See DN-4345 (ID#:82820),See DN-4345 (ID#:82820),26.64
82971,200-ZW-T30,FPQ-6483,SO-38900,DN-2318,Zimbabwe,PMO - US,From RDC,N/A - From RDC,Truck,10/13/10,N/A - From RDC,30-Sep-11,23-Sep-11,23-Sep-11,ARV,Pediatric,SCMS from RDC,"Didanosine 200mg, delayed-release capsules, 30 Caps",Didanosine,Generic,200mg,Delayed-release capsules,30,51,561.0,11.0,0.37,"Aurobindo Unit III, India",Yes,6,909.15,1.21
82860,113-ZW-T30,FPQ-4694,SO-35390,DN-1659,Zimbabwe,PMO - US,From RDC,N/A - From RDC,Truck,12/8/09,N/A - From RDC,31-Mar-10,12-Mar-10,12-Mar-10,ARV,Adult,SCMS from RDC,"Lamivudine/Zidovudine 150/300mg, tablets, 60 Tabs",Lamivudine/Zidovudine,Generic,150/300mg,Tablet - FDC,60,560,4905.6,8.76,0.15,"Aurobindo Unit III, India",No,See DN-1659 (ID#:82859),See DN-1659 (ID#:82859),10.58
84573,151-NG-T30,FPQ-5023,SO-36435,DN-1886,Nigeria,PMO - US,From RDC,N/A - From RDC,Air,2/10/10,N/A - From RDC,15-Jul-10,28-Jun-10,28-Jun-10,ARV,Adult,SCMS from RDC,"Lamivudine/Nevirapine/Zidovudine 150/200/300mg, tablets, 60 Tabs",Lamivudine/Nevirapine/Zidovudine,Generic,150/300/200mg,Tablet - FDC,60,1000,11220.0,11.22,0.19,"Aurobindo Unit III, India",Yes,117,Freight Included in Commodity Cost,24.19
84142,101-CD-T30,FPQ-8840,SO-41383,DN-2524,"Congo, DRC",PMO - US,From RDC,N/A - From RDC,Air,11/21/11,N/A - From RDC,22-Mar-12,22-Mar-12,22-Mar-12,ARV,Adult,SCMS from RDC,"Lamivudine 150mg, tablets, 60 Tabs",Lamivudine,Generic,150mg,Tablet,60,23,53.59,2.33,0.04,Hetero Unit III Hyderabad IN,Yes,1,522.42,0.08
66373,102-GY-T30,FPQ-4870,SCMS-63870,ASN-6095,Guyana,PMO - US,Direct Drop,EXW,Air,1/11/10,2/4/10,4-Mar-10,4-Mar-10,4-Mar-10,HRDT,HIV test,"Trinity Biotech, Plc","HIV 1/2, Uni-Gold HIV Kit, 20 Tests","HIV 1/2, Uni-Gold HIV Kit",Uni-Gold,,Test kit,20,2334,74688.0,32.0,1.6,"Trinity Biotech, Plc",Yes,807,6558.08,161.03
84047,102-UG-T30,FPQ-6403,SO-37460,DN-2026,Uganda,PMO - US,From RDC,N/A - From RDC,Air,9/16/10,N/A - From RDC,20-Oct-10,25-Oct-10,25-Oct-10,ARV,Adult,SCMS from RDC,"Efavirenz 600mg, tablets, 30 Tabs",Efavirenz,Generic,600mg,Tablet,30,27304,118499.36,4.34,0.14,Mylan (formerly Matrix) Nashik,Yes,13087,56372.66,255.48
62761,104-CI-T30,FPQ-12150,SCMS-191950,ASN-23207,Côte d'Ivoire,PMO - US,Direct Drop,FCA,Air,4/29/13,6/12/13,23-Dec-13,23-Dec-13,8-Jan-14,ARV,Adult,ABBVIE LOGISTICS (FORMERLY ABBOTT LOGISTICS BV),"Ritonavir 100mg [Norvir], film coated tablets, 60 Tabs",Ritonavir,Norvir,100mg,Tablet,60,350,2397.5,6.85,0.11,ABBVIE Ludwigshafen Germany,Yes,56,1726.5,2.97
24974,107-RW-T30,FPQ-6341,SCMS-84920,ASN-9798,Rwanda,PMO - US,Direct Drop,EXW,Ocean,9/3/10,9/27/10,31-Mar-11,31-Mar-11,31-Mar-11,ARV,Adult,CIPLA LIMITED,"Lopinavir/Ritonavir 200/50mg, tablets, 120 Tabs",Lopinavir/Ritonavir,Generic,200/50mg,Tablet,120,17587,587405.8,33.4,0.28,Cipla Ltd A-42 MIDC Mahar. IN,Yes,5480,19123.35,1266.45
86502,104-CI-T30,FPQ-9063,SO-41341,DN-2787,Côte d'Ivoire,PMO - US,From RDC,N/A - From RDC,Truck,12/21/11,N/A - From RDC,31-Aug-12,12-Aug-12,12-Aug-12,ARV,Adult,SCMS from RDC,"Efavirenz 600mg, tablets, 30 Tabs",Efavirenz,Generic,600mg,Tablet,30,7684,29276.04,3.81,0.13,"Strides, Bangalore, India.",No,See DN-2787 (ID#:83063),See DN-2787 (ID#:83063),41.05
6041,104-CI-T01,Pre-PQ Process,SCMS-30430,ASN-2799,Côte d'Ivoire,PMO - US,Direct Drop,EXW,Air,Pre-PQ Process,9/18/08,5-Dec-08,5-Dec-08,5-Dec-08,HRDT,HIV test,"Orgenics, Ltd","HIV 1/2, Determine HIV Kit, without Lancets, 100 Tests","HIV 1/2, Determine HIV Kit, without Lancets",Determine,,Test kit,100,1174,82180.0,70.0,0.7,Inverness Japan,Yes,268,5243.53,161.07
43762,116-ZA-T30,FPQ-13973,SCMS-238552,ASN-27610,South Africa,PMO - US,Direct Drop,DDP,Truck,4/30/14,8/5/14,5-Aug-14,5-Aug-14,5-Aug-14,ARV,Adult,PHARMACY DIRECT,"Etravirine 100mg [Intelence], tablets, 120 Tabs",Etravirine,Intelence,100mg,Tablet,120,12,425.03,35.42,0.3,"Janssen-Cilag, Latina, IT",No,Weight Captured Separately,Freight Included in Commodity Cost,0.44
82564,102-ZW-T30,FPQ-11477,SO-44271,DN-3094,Zimbabwe,PMO - US,From RDC,N/A - From RDC,Truck,1/16/13,N/A - From RDC,31-Jul-13,13-Apr-13,13-Apr-13,ARV,Adult,SCMS from RDC,"Efavirenz/Lamivudine/Tenofovir Disoproxil Fumarate 600/300/300mg, tablets, 30 Tabs",Efavirenz/Lamivudine/Tenofovir Disoproxil Fumarate,Generic,600/300/300mg,Tablet - FDC,30,40320,488275.2,12.11,0.4,Mylan (formerly Matrix) Nashik,Yes,4536,29733.53,604.0
84971,101-CD-T30,FPQ-14252,SO-48851,DN-3901,"Congo, DRC",PMO - US,From RDC,N/A - From RDC,Air,5/7/14,N/A - From RDC,30-Sep-14,24-Oct-14,10-Nov-14,ARV,Pediatric,SCMS from RDC,"Zidovudine 10mg/ml, oral solution w/syringe, Bottle, 240 ml",Zidovudine,Generic,10mg/ml,Oral solution,240,1090,2289.0,2.1,0.01,"Cipla, Goa, India",Yes,408,5580.44,2.35
83631,109-TZ-T30,FPQ-9303,SO-41551,DN-2889,Tanzania,PMO - US,From RDC,N/A - From RDC,Truck,2/15/12,N/A - From RDC,30-Nov-12,6-Nov-12,6-Nov-12,ARV,Pediatric,SCMS from RDC,"Lamivudine/Nevirapine/Stavudine 60/100/12mg, dispersible tablets, 60 Tabs",Lamivudine/Nevirapine/Stavudine,Generic,60/100/12mg,Chewable/dispersible tablet - FDC,60,844,3629.2,4.3,0.07,"Cipla, Goa, India",Yes,466,1696,5.09
82571,103-SS-T30,FPQ-11489,SO-44630,DN-3125,South Sudan,PMO - US,From RDC,N/A - From RDC,Air,1/16/13,N/A - From RDC,30-Apr-13,24-Apr-13,24-Apr-13,ARV,Adult,SCMS from RDC,"Lamivudine/Tenofovir Disoproxil Fumarate 300/300mg, tablets, 30 Tabs",Lamivudine/Tenofovir Disoproxil Fumarate,Generic,300/300mg,Tablet - FDC,30,1447,6800.9,4.7,0.16,"Aurobindo Unit VII, IN",Yes,1309,12356,8.41
84211,104-CI-T30,FPQ-10633,SO-43320,DN-2967,Côte d'Ivoire,PMO - US,From RDC,N/A - From RDC,Truck,9/11/12,N/A - From RDC,28-Feb-13,25-Jan-13,25-Jan-13,ARV,Adult,SCMS from RDC,"Lopinavir/Ritonavir 200/50mg, tablets, 120 Tabs",Lopinavir/Ritonavir,Generic,200/50mg,Tablet,120,10000,267000.0,26.7,0.22,Mylan (formerly Matrix) Nashik,No,See DN-2967 (ID#:84209),See DN-2967 (ID#:84209),374.33
27267,108-VN-T30,FPQ-10286,SCMS-156130,ASN-17075,Vietnam,PMO - US,Direct Drop,EXW,Air,7/25/12,8/14/12,29-Nov-12,29-Nov-12,29-Nov-12,ARV,Adult,Aurobindo Pharma Limited,"Lamivudine/Nevirapine/Zidovudine 150/200/300mg, tablets, 60 Tabs",Lamivudine/Nevirapine/Zidovudine,Generic,150/300/200mg,Tablet - FDC,60,37215,320049.0,8.6,0.14,"Aurobindo Unit III, India",No,See ASN-17075 (ID#:20697),See ASN-17075 (ID#:20697),448.71
86287,151-NG-T30,FPQ-4537,SO-34900,DN-1708,Nigeria,PMO - US,From RDC,N/A - From RDC,Air Charter,11/6/09,N/A - From RDC,31-Mar-10,31-Mar-10,31-Mar-10,ARV,Pediatric,SCMS from RDC,"Efavirenz 200mg, capsule, 90 Caps",Efavirenz,Generic,200mg,Capsule,90,1000,10070.0,10.07,0.11,"Aurobindo Unit III, India",Yes,119,Freight Included in Commodity Cost,21.71
10837,109-TZ-T01,Pre-PQ Process,SO-428,DN-161,Tanzania,PMO - US,From RDC,N/A - From RDC,Air,Pre-PQ Process,N/A - From RDC,6-Jul-07,6-Jul-07,6-Jul-07,ARV,Adult,SCMS from RDC,"Lamivudine/Nevirapine/Stavudine 150/200/30mg, tablets, 60 Tabs",Lamivudine/Nevirapine/Stavudine,Generic,150/200/30mg,Tablet - FDC,60,3386,25395.0,7.5,0.12,"Cipla, Goa, India",Yes,31,1589,
42190,108-VN-T30,FPQ-16194,SCMS-285490,ASN-33143,Vietnam,PMO - US,Direct Drop,EXW,Air,4/14/15,5/13/15,7-Sep-15,7-Sep-15,7-Sep-15,ARV,Adult,HETERO LABS LIMITED,"Lamivudine 150mg, tablets, 60 Tabs",Lamivudine,Generic,150mg,Tablet,60,5300,9540.0,1.8,0.03,Hetero Unit III Hyderabad IN,Yes,Weight Captured Separately,Invoiced Separately,11.23
65033,108-VN-T30,FPQ-16194,SCMS-285490,ASN-33146,Vietnam,PMO - US,Direct Drop,EXW,Air,4/14/15,5/13/15,7-Sep-15,7-Sep-15,7-Sep-15,ARV,Adult,HETERO LABS LIMITED,"Nevirapine 200mg, tablets, 60 Tabs",Nevirapine,Generic,200mg,Tablet,60,3000,6480.0,2.16,0.04,Hetero Unit III Hyderabad IN,No,See ASN-33146 (ID#:44860),See ASN-33146 (ID#:44860),7.63
37519,161-ZA-T30,FPQ-6262,SCMS-83770,ASN-9945,South Africa,PMO - US,Direct Drop,DDP,Ocean,8/31/10,9/24/10,26-Apr-11,26-Apr-11,26-Apr-11,ARV,Adult,Aurobindo Pharma Limited,"Lamivudine 150mg, tablets, 60 Tabs",Lamivudine,Generic,150mg,Tablet,60,136403,323275.11,2.37,0.04,"Aurobindo Unit III, India",No,See ASN-9945 (ID#:28542),See ASN-9945 (ID#:28542),696.98
82875,104-CI-T30,FPQ-4378,SO-34370,DN-1759,Côte d'Ivoire,PMO - US,From RDC,N/A - From RDC,Air,10/15/09,N/A - From RDC,6-Apr-10,1-Apr-10,1-Apr-10,ARV,Pediatric,SCMS from RDC,"Zidovudine 100mg, capsules, 100 Caps",Zidovudine,Generic,100mg,Capsule,100,2604,12603.36,4.84,0.05,"Aurobindo Unit III, India",Yes,675,1702.91,24.7
12801,111-MZ-T01,Pre-PQ Process,SO-1615,DN-698,Mozambique,PMO - US,From RDC,N/A - From RDC,Air,Pre-PQ Process,N/A - From RDC,23-Jun-08,23-Jun-08,23-Jun-08,ARV,Adult,SCMS from RDC,"Lamivudine/Zidovudine 150/300mg, tablets, 60 Tabs",Lamivudine/Zidovudine,Generic,150/300mg,Tablet - FDC,60,1728,16416.0,9.5,0.16,"Cipla, Goa, India",No,See DN-698 (ID#:10970),See DN-698 (ID#:10970),26.27
57346,103-CM-T30,FPQ-8396,SCMS-122270,ASN-12701,Cameroon,PMO - US,Direct Drop,EXW,Air,9/13/11,9/15/11,18-Nov-11,18-Nov-11,18-Nov-11,HRDT,HIV test,HUMAN GMBH,"HIV 1/2, HEXAGON Rapid HIV Kit, 100 Tests","HIV 1/2, HEXAGON Rapid HIV Kit",Hexagon,,Test kit,100,20,2231.6,111.58,1.12,Human Diagnostic,Yes,30,549.16,3.68
75102,161-ZA-T30,FPQ-7175,SCMS-104100,ASN-12991,South Africa,PMO - US,Direct Drop,DDP,Ocean,3/10/11,3/28/11,12-Jan-12,12-Jan-12,12-Jan-12,ARV,Adult,CIPLA LIMITED,"Nevirapine 200mg, tablets, 60 Tabs",Nevirapine,Generic,200mg,Tablet,60,5360,14579.2,2.72,0.05,"Cipla, Goa, India",Yes,583,5824.11,24.06
9353,102-BW-T01,Pre-PQ Process,SCMS-10390,ASN-644,Botswana,PMO - US,Direct Drop,EXW,Air,Pre-PQ Process,7/31/07,31-Aug-07,31-Aug-07,31-Aug-07,HRDT,HIV test,Orasure Technologies Inc.,"HIV 1/2, OraQuick Advance HIV Rapid Antibody Kit, 100 Tests","HIV 1/2, OraQuick Advance HIV Rapid Antibody Kit",OraQuick,,Test kit,100,10,3500.0,350.0,3.5,"Pacific Biotech, Thailand",Yes,24,1091.64,5.6
84081,200-ZW-T30,FPQ-6483,SO-39270,DN-2178,Zimbabwe,PMO - US,From RDC,N/A - From RDC,Truck,10/13/10,N/A - From RDC,4-Apr-11,20-May-11,20-May-11,ARV,Pediatric,SCMS from RDC,"Didanosine 200mg, delayed-release capsules, 30 Caps",Didanosine,Generic,200mg,Delayed-release capsules,30,45,495.0,11.0,0.37,"Aurobindo Unit III, India",No,See DN-2178 (ID#:84080),See DN-2178 (ID#:84080),1.07
63289,800-CM-T30,FPQ-12570,SCMS-200900,ASN-22171,Cameroon,PMO - US,Direct Drop,EXW,Air,7/10/13,8/6/13,9-Nov-13,9-Nov-13,20-Nov-13,HRDT,HIV test,"Orgenics, Ltd","HIV 1/2, Determine Complete HIV Kit, 100 Tests","HIV 1/2, Determine Complete HIV Kit",Determine,,Test kit,100,5000,400000.0,80.0,0.8,"Alere Medical Co., Ltd.",Yes,1238,46044.38,494.8
75641,900-TZ-T30,FPQ-10394,SCMS-156500,ASN-16218,Tanzania,PMO - US,Direct Drop,EXW,Air,7/26/12,8/9/12,9-Oct-12,9-Oct-12,9-Oct-12,ARV,Adult,Aurobindo Pharma Limited,"Efavirenz 600mg, tablets, 30 Tabs",Efavirenz,Generic,600mg,Tablet,30,60757,200498.1,3.3,0.11,"Aurobindo Unit III, India",Yes,5215,20136.28,281.1
86376,151-NG-T30,FPQ-6800,SO-39180,DN-2168,Nigeria,PMO - US,From RDC,N/A - From RDC,Air Charter,12/7/10,N/A - From RDC,21-Jun-11,11-May-11,11-May-11,ARV,Adult,SCMS from RDC,"Efavirenz/Emtricitabine/Tenofovir Disoproxil Fumarate 600/200/300mg, tablets, 30 Tabs",Efavirenz/Emtricitabine/Tenofovir Disoproxil Fumarate,Generic,600/200/300mg,Tablet - FDC,30,30000,597600.0,19.92,0.66,Mylan (formerly Matrix) Nashik,Yes,3272,12601.07,986.04
83071,110-ZM-T30,FPQ-8476,SO-40956,DN-2832,Zambia,PMO - US,From RDC,N/A - From RDC,Truck,9/27/11,N/A - From RDC,17-Sep-12,7-Sep-12,7-Sep-12,ARV,Adult,SCMS from RDC,"Zidovudine 300mg, tablets, 60 Tabs",Zidovudine,Generic,300mg,Tablet,60,27633,186799.08,6.76,0.11,Hetero Unit III Hyderabad IN,No,See DN-2832 (ID#:82505),See DN-2832 (ID#:82505),308.22
12659,104-CI-T01,Pre-PQ Process,SO-518,DN-149,Côte d'Ivoire,PMO - US,From RDC,N/A - From RDC,,Pre-PQ Process,N/A - From RDC,18-May-07,18-May-07,18-May-07,HRDT,HIV test,SCMS from RDC,"#108853** HIV, Genie II HIV-1/HIV-2 Kit, 40 Tests","HIV, Genie II HIV-1/HIV-2 Kit",Genie,,Test kit,40,160,12160.0,76.0,1.9,Bio-Rad Laboratories,Yes,173,1754,
58947,113-ZW-T30,FPQ-13939,SCMS-240570,ASN-27585,Zimbabwe,PMO - US,Direct Drop,EXW,Air Charter,4/1/14,5/27/14,17-Sep-14,17-Sep-14,19-Sep-14,ARV,Adult,HETERO LABS LIMITED,"Lamivudine/Tenofovir Disoproxil Fumarate 300/300mg, tablets, 30 Tabs",Lamivudine/Tenofovir Disoproxil Fumarate,Generic,300/300mg,Tablet - FDC,30,42032,194187.84,4.62,0.15,Hetero Unit III Hyderabad IN,Yes,4559,25272.8,199.63
12661,104-CI-T01,Pre-PQ Process,SO-640,DN-173,Côte d'Ivoire,PMO - US,From RDC,N/A - From RDC,,Pre-PQ Process,N/A - From RDC,21-Jun-07,21-Jun-07,21-Jun-07,ARV,Adult,SCMS from RDC,"Lamivudine/Zidovudine 150/300mg, tablets, 60 Tabs",Lamivudine/Zidovudine,Generic,150/300mg,Tablet - FDC,60,35074,374590.32,10.68,0.18,"Aurobindo Unit III, India",Yes,3116,1478,
67509,109-TZ-T30,FPQ-12286,SCMS-193850,ASN-20160,Tanzania,PMO - US,Direct Drop,EXW,Air,5/16/13,6/11/13,24-Aug-13,24-Aug-13,24-Aug-13,ARV,Adult,Aurobindo Pharma Limited,"Lamivudine/Nevirapine/Zidovudine 150/200/300mg, tablets, 60 Tabs",Lamivudine/Nevirapine/Zidovudine,Generic,150/300/200mg,Tablet - FDC,60,32002,260816.3,8.15,0.14,"Aurobindo Unit III, India",Yes,4059,17997.84,322.63
4647,117-ET-T01,Pre-PQ Process,SCMS-28690,ASN-2839,Ethiopia,PMO - US,Direct Drop,EXW,Air,Pre-PQ Process,8/22/08,17-Nov-08,17-Nov-08,17-Nov-08,HRDT,HIV test,"SHANGHAI KEHUA BIOENGINEERING CO.,LTD.  (KHB)","HIV 1/2, SKB Colloidal Gold, Diagnostic Kit, Antibody, 50 Tests","HIV 1/2, Colloidal Gold, Diagnostic Kit, Antibody",Colloidal Gold,,Test kit,1,7002,161046.0,23.0,23.0,"KHB Test Kit Facility, Shanghai China",Yes,4922,46117.09,315.65
79871,133-NG-T30,FPQ-10349,SCMS-155301,ASN-17317,Nigeria,PMO - US,Direct Drop,EXW,Air,7/17/12,8/10/12,21-Dec-12,21-Dec-12,21-Dec-12,HRDT,HIV test,"Trinity Biotech, Plc","HIV 1/2, Uni-Gold HIV Kit, 20 Tests","HIV 1/2, Uni-Gold HIV Kit",Uni-Gold,,Test kit,20,6042,193344.0,32.0,1.6,"Trinity Biotech, Plc",Yes,1990,23396.04,271.07
47587,105-GY-T30,FPQ-14694,SCMS-252350,ASN-28008,Guyana,PMO - US,Direct Drop,EXW,Air,7/28/14,8/14/14,24-Sep-14,24-Sep-14,8-Oct-14,HRDT,HIV test,"Orgenics, Ltd","HIV 1/2, Determine Complete HIV Kit, 100 Tests","HIV 1/2, Determine Complete HIV Kit",Determine,,Test kit,100,605,60500.0,100.0,1.0,"Alere Medical Co., Ltd.",Yes,Weight Captured Separately,Invoiced Separately,62.19
11058,105-GY-T01,Pre-PQ Process,SO-25161,DN-1302,Guyana,PMO - US,From RDC,N/A - From RDC,Air,Pre-PQ Process,N/A - From RDC,18-Jun-09,18-Jun-09,18-Jun-09,ARV,Adult,SCMS from RDC,"Zidovudine 300mg, tablets, 60 Tabs",Zidovudine,Generic,300mg,Tablet,60,810,6245.1,7.71,0.13,"Aurobindo Unit III, India",Yes,47,1000.51,12.24
72918,116-ZA-T30,FPQ-13973,SCMS-238554,ASN-28627,South Africa,PMO - US,Direct Drop,DDP,Truck,4/30/14,10/3/14,3-Oct-14,3-Oct-14,3-Oct-14,ARV,Adult,PHARMACY DIRECT,"Lamivudine/Zidovudine 150/300mg, tablets, 60 Tabs",Lamivudine/Zidovudine,Generic,150/300mg,Tablet - FDC,60,9,280.73,31.19,0.52,"Aurobindo Unit III, India",No,Weight Captured Separately,Freight Included in Commodity Cost,0.29
85744,113-ZW-T30,FPQ-6470,SO-38830,DN-2128,Zimbabwe,PMO - US,From RDC,N/A - From RDC,Truck,10/13/10,N/A - From RDC,31-Mar-11,18-Mar-11,18-Mar-11,ARV,Adult,SCMS from RDC,"Efavirenz 600mg, tablets, 30 Tabs",Efavirenz,Generic,600mg,Tablet,30,6392,27741.28,4.34,0.14,Mylan (formerly Matrix) Nashik,No,See DN-2128 (ID#:84624),See DN-2128 (ID#:84624),59.81
84715,114-UG-T30,FPQ-8522,SO-40932,DN-2602,Uganda,PMO - US,From RDC,N/A - From RDC,Truck,10/5/11,N/A - From RDC,16-Apr-12,27-Mar-12,27-Mar-12,ARV,Adult,SCMS from RDC,"Efavirenz 600mg, tablets, 30 Tabs",Efavirenz,Generic,600mg,Tablet,30,24657,101586.84,4.12,0.14,"Strides, Bangalore, India.",Yes,1511,7403.01,167.62
77092,116-ZA-T30,FPQ-11828,SCMS-183970,ASN-19157,South Africa,South Africa Field Office,Direct Drop,DDP,Truck,3/18/13,Date Not Captured,12-Apr-13,12-Apr-13,12-Apr-13,ARV,Pediatric,S. BUYS WHOLESALER,"Lopinavir/Ritonavir 80/20mg/ml [Kaletra], oral solution, cool, Bottle 5 x 60 ml",Lopinavir/Ritonavir,Kaletra,80/20mg/ml,Oral solution,300,2,49.99,25.0,0.08,ABBVIE (Abbott) Logis. UK,No,Weight Captured Separately,Freight Included in Commodity Cost,0.06
84551,151-NG-T30,FPQ-4537,SO-35112,DN-1787,Nigeria,PMO - US,From RDC,N/A - From RDC,Air Charter,11/6/09,N/A - From RDC,31-May-10,18-May-10,18-May-10,ARV,Adult,SCMS from RDC,"Lamivudine/Zidovudine+Efavirenz 150/300mg+600mg, tablets, co-blister 60+30 Tabs",Lamivudine/Zidovudine+Efavirenz,Generic,150/300mg+600mg,Tablet - FDC + co-blister,90,309,8497.5,27.5,0.31,"Aurobindo Unit III, India",Yes,51,9736.1,18.32
84280,114-UG-T30,FPQ-12253,SO-45540,DN-3273,Uganda,PMO - US,From RDC,N/A - From RDC,Truck,5/8/13,N/A - From RDC,6-Aug-13,22-Aug-13,22-Aug-13,ARV,Adult,SCMS from RDC,"Lamivudine/Zidovudine 150/300mg, tablets, 60 Tabs",Lamivudine/Zidovudine,Generic,150/300mg,Tablet - FDC,60,45233,316631.0,7.0,0.12,Hetero Unit III Hyderabad IN,Yes,3984,20074.74,391.67
86151,114-UG-T30,FPQ-14396,SO-48993,DN-4041,Uganda,PMO - US,From RDC,N/A - From RDC,Truck,6/4/14,N/A - From RDC,16-Feb-15,24-Jan-15,3-Feb-15,ARV,Adult,SCMS from RDC,"Efavirenz 600mg, tablets, 30 Tabs",Efavirenz,Generic,600mg,Tablet,30,7500,24075.0,3.21,0.11,Hetero Unit III Hyderabad IN,No,See DN-4041 (ID#:83291),See DN-4041 (ID#:83291),24.75
12233,110-ZM-T01,Pre-PQ Process,SO-2477,DN-854,Zambia,PMO - US,From RDC,N/A - From RDC,Truck,Pre-PQ Process,N/A - From RDC,20-Aug-08,20-Aug-08,20-Aug-08,ARV,Pediatric,SCMS from RDC,"Didanosine 100mg, chewable/dispersible tablets, 60 Tabs",Didanosine,Generic,100mg,Chewable/dispersible tablet,60,3600,27900.0,7.75,0.13,"Aurobindo Unit III, India",Yes,750,813.75,44.64
71076,116-ZA-T30,FPQ-13973,SCMS-238550,ASN-30792,South Africa,PMO - US,Direct Drop,DDP,Truck,4/30/14,5/8/14,19-Feb-15,19-Feb-15,19-Feb-15,ARV,Adult,PHARMACY DIRECT,"Raltegravir 400mg [Isentress], tablets, 60 Tabs",Raltegravir,Isentress,400mg,Tablet,60,3,253.94,84.65,1.41,"MSD, Haarlem, NL",No,Weight Captured Separately,Freight Included in Commodity Cost,0.26
1134,102-KE-T01,Pre-PQ Process,SCMS-42980,ASN-4343,Kenya,PMO - US,Direct Drop,EXW,Air,Pre-PQ Process,4/4/09,10-Jul-09,10-Jul-09,10-Jul-09,HRDT,HIV test,"Orgenics, Ltd","HIV 1/2, Determine Complete HIV Kit, 100 Tests","HIV 1/2, Determine Complete HIV Kit",Determine,,Test kit,100,7500,600000.0,80.0,0.8,Inverness Japan,Yes,2215,16835.31,1176.0
84274,114-UG-T30,FPQ-10945,SO-43631,DN-3218,Uganda,PMO - US,From RDC,N/A - From RDC,Air,11/6/12,N/A - From RDC,31-Jul-13,23-Jul-13,23-Jul-13,ARV,Adult,SCMS from RDC,"Efavirenz/Lamivudine/Tenofovir Disoproxil Fumarate 600/300/300mg, tablets, 30 Tabs",Efavirenz/Lamivudine/Tenofovir Disoproxil Fumarate,Generic,600/300/300mg,Tablet - FDC,30,35930,377983.6,10.52,0.35,Hetero Unit III Hyderabad IN,Yes,4811,2486.5,467.57
67023,105-GY-T30,FPQ-14659,SCMS-256490,ASN-29130,Guyana,PMO - US,Direct Drop,EXW,Air,7/29/14,9/12/14,10-Dec-14,10-Dec-14,16-Dec-14,ARV,Adult,HETERO LABS LIMITED,"Emtricitabine/Tenofovir Disoproxil Fumarate 200/300mg, tablets, 30 Tabs",Emtricitabine/Tenofovir Disoproxil Fumarate,Generic,200/300mg,Tablet - FDC,30,2175,12158.25,5.59,0.19,Hetero Unit III Hyderabad IN,Yes,252,2531.62,12.5
11403,117-ET-T01,Pre-PQ Process,SO-582,DN-157,Ethiopia,PMO - US,From RDC,N/A - From RDC,,Pre-PQ Process,N/A - From RDC,24-May-07,24-May-07,24-May-07,HRDT,HIV test,SCMS from RDC,"HIV 1/2, Capillus HIV Kit, 100 Tests","HIV 1/2, Capillus HIV Kit",Capillus,,Test kit,100,200,27800.0,139.0,1.39,"Trinity Biotech, Plc",Yes,213,2129.46,
85893,104-CI-T30,FPQ-9063,SO-41360,DN-2816,Côte d'Ivoire,PMO - US,From RDC,N/A - From RDC,Truck,12/21/11,N/A - From RDC,2-Oct-12,27-Aug-12,27-Aug-12,ARV,Adult,SCMS from RDC,"Lamivudine/Zidovudine 150/300mg, tablets, 60 Tabs",Lamivudine/Zidovudine,Generic,150/300mg,Tablet - FDC,60,58380,450693.6,7.72,0.13,Mylan (formerly Matrix) Nashik,No,See DN-2816 (ID#:84747),See DN-2816 (ID#:84747),631.87
83469,104-CI-T30,FPQ-5925,SO-37740,DN-2064,Côte d'Ivoire,PMO - US,From RDC,N/A - From RDC,Air,6/23/10,N/A - From RDC,30-Nov-10,9-Dec-10,9-Dec-10,ARV,Adult,SCMS from RDC,"Lamivudine 150mg, tablets, 60 Tabs",Lamivudine,Generic,150mg,Tablet,60,8100,18873.0,2.33,0.04,Hetero Unit III Hyderabad IN,Yes,3093,11235.05,40.69
82296,113-ZW-T30,FPQ-4688,SO-35410,DN-1660,Zimbabwe,PMO - US,From RDC,N/A - From RDC,Air,12/8/09,N/A - From RDC,31-Mar-10,12-Mar-10,12-Mar-10,ARV,Adult,SCMS from RDC,"Efavirenz 600mg, tablets, 30 Tabs",Efavirenz,Generic,600mg,Tablet,30,1900,9747.0,5.13,0.17,"Aurobindo Unit III, India",Yes,4000,3302.14,21.01
84185,110-ZM-T30,FPQ-9472,SO-41711,DN-2805,Zambia,PMO - US,From RDC,N/A - From RDC,Truck,3/8/12,N/A - From RDC,31-Aug-12,7-Sep-12,7-Sep-12,ARV,Adult,SCMS from RDC,"Efavirenz 600mg, tablets, 30 Tabs",Efavirenz,Generic,600mg,Tablet,30,155202,591319.62,3.81,0.13,"Emcure Plot No.P-2, I.T-B.T. Park, Phase II, MIDC, Hinjwadi, Pune, India",Yes,11334,7317.48,829.03
11539,123-NG-T01,Pre-PQ Process,SO-2553,DN-836,Nigeria,PMO - US,From RDC,N/A - From RDC,Air,Pre-PQ Process,N/A - From RDC,31-Jul-08,31-Jul-08,31-Jul-08,ARV,Adult,SCMS from RDC,"Nevirapine 200mg, tablets, 60 Tabs",Nevirapine,Generic,200mg,Tablet,60,6002,20406.8,3.4,0.06,"Aurobindo Unit III, India",No,See DN-836 (ID#:11244),See DN-836 (ID#:11244),32.65
83784,104-CI-T30,FPQ-13142,SO-47151,DN-3633,Côte d'Ivoire,PMO - US,From RDC,N/A - From RDC,Truck,10/22/13,N/A - From RDC,30-Apr-14,22-Apr-14,11-Jun-14,ARV,Adult,SCMS from RDC,"Tenofovir Disoproxil Fumarate 300mg, tablets, 30 Tabs",Tenofovir Disoproxil Fumarate,Generic,300mg,Tablet,30,4300,16254.0,3.78,0.13,Hetero Unit III Hyderabad IN,No,See DN-3633 (ID#:82666),See DN-3633 (ID#:82666),16.71
86130,111-MZ-T30,FPQ-13575,SO-47703,DN-3865,Mozambique,PMO - US,From RDC,N/A - From RDC,Truck,1/17/14,N/A - From RDC,31-Aug-14,30-Oct-14,13-Nov-14,ARV,Adult,SCMS from RDC,"Efavirenz 600mg, tablets, 30 Tabs",Efavirenz,Generic,600mg,Tablet,30,77000,247170.0,3.21,0.11,"Micro labs, Verna, Goa, India",No,See DN-3865 (ID#:82723),See DN-3865 (ID#:82723),254.09
84939,111-MZ-T30,FPQ-13123,SO-47087,DN-3757,Mozambique,PMO - US,From RDC,N/A - From RDC,Truck,10/21/13,N/A - From RDC,31-Jul-14,6-Oct-14,13-Oct-14,ARV,Adult,SCMS from RDC,"Efavirenz 600mg, tablets, 30 Tabs",Efavirenz,Generic,600mg,Tablet,30,20340,65291.4,3.21,0.11,"Strides, Bangalore, India.",Yes,1242,9384,67.12
31304,105-SS-T30,FPQ-11754,SCMS-181401,ASN-20649,South Sudan,PMO - US,Direct Drop,EXW,Air,2/22/13,4/1/13,13-Sep-13,13-Sep-13,13-Sep-13,HRDT,HIV test - Ancillary,"Orgenics, Ltd","Chase Buffer, Determine, 100 Tests, 2.5ml x 1 Vial","Chase Buffer, Determine, 100 Tests, 2.5ml x 1 Vial",Determine,,Test kit - Ancillary,1,45,225.0,5.0,5.0,"Alere Medical Co., Ltd.",No,See ASN-20649 (ID#:28306),See ASN-20649 (ID#:28306),0.28
86403,110-ZM-T30,FPQ-7085,SO-38741,DN-2322,Zambia,PMO - US,From RDC,N/A - From RDC,Truck,2/3/11,N/A - From RDC,29-Sep-11,29-Aug-11,29-Aug-11,ARV,Adult,SCMS from RDC,"Nevirapine 200mg, tablets, 60 Tabs",Nevirapine,Generic,200mg,Tablet,60,25000,62750.0,2.51,0.04,Mylan (formerly Matrix) Nashik,No,See DN-2322 (ID#:82973),See DN-2322 (ID#:82973),103.54
83107,111-MZ-T30,FPQ-11033,SO-43760,DN-3012,Mozambique,PMO - US,From RDC,N/A - From RDC,Truck,11/12/12,N/A - From RDC,1-Apr-13,22-Mar-13,22-Mar-13,ARV,Adult,SCMS from RDC,"Lamivudine/Zidovudine 150/300mg, tablets, 60 Tabs",Lamivudine/Zidovudine,Generic,150/300mg,Tablet - FDC,60,39096,284227.92,7.27,0.12,"Aurobindo Unit III, India",Yes,3591,7733.77,351.59
86447,101-CD-T30,FPQ-8840,SO-41144,DN-2508,"Congo, DRC",PMO - US,From RDC,N/A - From RDC,Air,11/21/11,N/A - From RDC,16-Mar-12,14-Mar-12,14-Mar-12,ARV,Pediatric,SCMS from RDC,"Nevirapine 10mg/ml, oral suspension w/syringe, Bottle, 240 ml",Nevirapine,Generic,10mg/ml,Oral suspension,240,291,567.45,1.95,0.01,"Aurobindo Unit III, India",No,See DN-2508 (ID#:85821),See DN-2508 (ID#:85821),0.8
85814,101-CD-T30,FPQ-8840,SO-41131,DN-2493,"Congo, DRC",PMO - US,From RDC,N/A - From RDC,Air,11/21/11,N/A - From RDC,16-Mar-12,14-Feb-12,14-Feb-12,ARV,Adult,SCMS from RDC,"Lamivudine/Nevirapine/Zidovudine 150/200/300mg, tablets, 60 Tabs",Lamivudine/Nevirapine/Zidovudine,Generic,150/300/200mg,Tablet - FDC,60,174,1914.0,11.0,0.18,Mylan (formerly Matrix) Nashik,No,See DN-2493 (ID#:82432),See DN-2493 (ID#:82432),2.68
83374,123-NG-T30,FPQ-4395,SO-32971,DN-1493,Nigeria,PMO - US,From RDC,N/A - From RDC,Air Charter,7/27/09,N/A - From RDC,18-Dec-09,20-Nov-09,20-Nov-09,ARV,Adult,SCMS from RDC,"Efavirenz 600mg, tablets, 30 Tabs",Efavirenz,Generic,600mg,Tablet,30,2666,15409.48,5.78,0.19,"Aurobindo Unit III, India",Yes,2889,21641.75,30.2
1628,110-ZM-T01,Pre-PQ Process,SCMS-18030,ASN-1619,Zambia,PMO - US,Direct Drop,EXW,Air,Pre-PQ Process,2/25/08,14-May-08,14-May-08,14-May-08,HRDT,HIV test,"Trinity Biotech, Plc","HIV 1/2, Uni-Gold HIV Kit, 20 Tests","HIV 1/2, Uni-Gold HIV Kit",Uni-Gold,,Test kit,20,6040,193280.0,32.0,1.6,"Trinity Biotech, Plc",Yes,2052,24689,309.25
12873,123-NG-T01,Pre-PQ Process,SO-22830,DN-1166,Nigeria,PMO - US,From RDC,N/A - From RDC,Air Charter,Pre-PQ Process,N/A - From RDC,8-May-09,8-May-09,8-May-09,ARV,Pediatric,SCMS from RDC,"Efavirenz 200mg, capsule, 90 Caps",Efavirenz,Generic,200mg,Capsule,90,1132,17274.32,15.26,0.17,"Aurobindo Unit III, India",No,See DN-1166 (ID#:12271),See DN-1166 (ID#:12271),33.86
12613,151-NG-T01,Pre-PQ Process,SO-27820,DN-1440,Nigeria,PMO - US,From RDC,N/A - From RDC,Air Charter,Date Not Captured,N/A - From RDC,20-Oct-09,20-Oct-09,20-Oct-09,ARV,Adult,SCMS from RDC,"Emtricitabine/Tenofovir Disoproxil Fumarate 200/300mg, tablets, 30 Tabs",Emtricitabine/Tenofovir Disoproxil Fumarate,Generic,200/300mg,Tablet - FDC,30,121280,1425040.0,11.75,0.39,Mylan (formerly Matrix) Nashik,Yes,9813,9341.49,2793.08
12593,110-ZM-T01,Pre-PQ Process,SO-31900,DN-1286,Zambia,PMO - US,From RDC,N/A - From RDC,Air,Date Not Captured,N/A - From RDC,2-Jul-09,2-Jul-09,2-Jul-09,ARV,Pediatric,SCMS from RDC,"Efavirenz 200mg, capsule, 90 Caps",Efavirenz,Generic,200mg,Capsule,90,4000,61040.0,15.26,0.17,"Aurobindo Unit III, India",Yes,481,2951.12,119.64
3753,116-ZA-T01,Pre-PQ Process,SCMS-41210,ASN-3737,South Africa,PMO - US,Direct Drop,DDP,Air,Pre-PQ Process,Date Not Captured,30-Mar-09,23-Jan-09,23-Jan-09,ARV,Adult,S. BUYS WHOLESALER,"Saquinavir 200mg [Invirase], capsules, 270 Caps",Saquinavir,Invirase,200mg,Capsule,270,2,114.9,57.45,0.21,Roche Basel,Yes,Weight Captured Separately,Freight Included in Commodity Cost,0.23
6546,108-VN-T01,Pre-PQ Process,SCMS-46550,ASN-4488,Vietnam,PMO - US,Direct Drop,CIP,Air,Pre-PQ Process,5/27/09,28-Jul-09,28-Jul-09,28-Jul-09,ARV,Pediatric,BRISTOL-MYERS SQUIBB,"Didanosine 25mg [Videx], chewable tablets, 60 Tabs",Didanosine,Videx,25mg,Chewable/dispersible tablet,60,320,2240.0,7.0,0.12,"BMS Meymac, France",No,See ASN-4488 (ID#:1213),See ASN-4488 (ID#:1213),4.39
11326,110-ZM-T01,Pre-PQ Process,SO-30300,DN-1250,Zambia,PMO - US,From RDC,N/A - From RDC,Truck,Pre-PQ Process,N/A - From RDC,15-Jun-09,15-Jun-09,15-Jun-09,ARV,Adult,SCMS from RDC,"Abacavir 300mg, tablets, 60 Tabs",Abacavir,Generic,300mg,Tablet,60,4594,116917.3,25.45,0.42,Mylan (formerly Matrix) Nashik,No,See DN-1250 (ID#:10774),See DN-1250 (ID#:10774),229.16
83981,104-CI-T30,FPQ-4378,SO-34410,DN-1662,Côte d'Ivoire,PMO - US,From RDC,N/A - From RDC,Air,10/15/09,N/A - From RDC,9-Mar-10,1-Mar-10,1-Mar-10,ARV,Pediatric,SCMS from RDC,"Efavirenz 200mg, capsule, 90 Caps",Efavirenz,Generic,200mg,Capsule,90,2066,20804.62,10.07,0.11,"Aurobindo Unit III, India",Yes,1560,3688.33,40.78
11634,106-HT-T01,Pre-PQ Process,SO-24830,DN-1205,Haiti,PMO - US,From RDC,N/A - From RDC,Air,Pre-PQ Process,N/A - From RDC,19-May-09,19-May-09,19-May-09,ARV,Adult,SCMS from RDC,"Stavudine 15mg, capsules, 60 Caps",Stavudine,Generic,15mg,Capsule,60,108,162.0,1.5,0.02,"Aurobindo Unit III, India",No,See DN-1205 (ID#:11314),See DN-1205 (ID#:11314),0.32
20371,108-VN-T30,FPQ-9577,SCMS-145530,ASN-16123,Vietnam,PMO - US,Direct Drop,EXW,Air,4/11/12,6/12/12,9-Oct-12,9-Oct-12,9-Oct-12,ARV,Pediatric,MYLAN LABORATORIES LTD (FORMERLY MATRIX LABORATORIES),"Lamivudine/Nevirapine/Zidovudine 30/50/60mg, dispersible tablets, 60 Tabs",Lamivudine/Nevirapine/Zidovudine,Generic,30/50/60mg,Chewable/dispersible tablet - FDC,60,1302,5403.3,4.15,0.07,Mylan (formerly Matrix) Nashik,Yes,4587,11252.53,7.58
3736,116-ZA-T01,Pre-PQ Process,SCMS-40780,ASN-3607,South Africa,PMO - US,Direct Drop,DDP,Air,Pre-PQ Process,Date Not Captured,17-Mar-09,28-Nov-08,28-Nov-08,ARV,Adult,S. BUYS WHOLESALER,"Stavudine 30mg, capsules, 60 Caps",Stavudine,Generic,30mg,Capsule,60,3675,9371.25,2.55,0.04,"Aurobindo Unit III, India",No,Weight Captured Separately,Freight Included in Commodity Cost,18.37
7184,113-ZW-T01,Pre-PQ Process,SCMS-25310,ASN-2632,Zimbabwe,PMO - US,Direct Drop,EXW,Air,Pre-PQ Process,6/12/08,17-Nov-08,17-Nov-08,17-Nov-08,HRDT,HIV test,"Standard Diagnostics, Inc.","HIV 1/2, Bioline 3.0 Kit, Lancets, Capillary pipets, Alcohol swabs included, 25 Tests","HIV 1/2, Bioline 3.0 Kit, Lancets, Capillary pipets, Alcohol swabs included",Bioline,,Test kit,25,7864,157280.0,20.0,0.8,"Standard Diagnostics, Korea",Yes,2450,18087.86,308.27
84874,109-TZ-T30,FPQ-12587,SO-45995,DN-3458,Tanzania,PMO - US,From RDC,N/A - From RDC,Truck,7/4/13,N/A - From RDC,31-Dec-13,25-Feb-14,13-Mar-14,ARV,Pediatric,SCMS from RDC,"Lamivudine/Nevirapine/Stavudine 30/50/6mg, dispersible tablets, 60 Tabs",Lamivudine/Nevirapine/Stavudine,Generic,30/50/6mg,Chewable/dispersible tablet - FDC,60,9301,21392.3,2.3,0.04,"Cipla, Goa, India",No,See DN-3458 (ID#:83196),See DN-3458 (ID#:83196),26.46
12418,110-ZM-T01,Pre-PQ Process,SO-909,DN-400,Zambia,PMO - US,From RDC,N/A - From RDC,,Pre-PQ Process,N/A - From RDC,2-Nov-07,2-Nov-07,2-Nov-07,ARV,Adult,SCMS from RDC,"Stavudine 20mg, capsules, 60 Caps",Stavudine,Generic,20mg,Capsule,60,1381,2416.75,1.75,0.03,"Aurobindo Unit III, India",Yes,232,1320.08,3.87
85679,104-CI-T30,FPQ-4659,SO-35563,DN-1888,Côte d'Ivoire,PMO - US,From RDC,N/A - From RDC,Air,12/8/09,N/A - From RDC,9-Jul-10,5-Jul-10,5-Jul-10,ARV,Pediatric,SCMS from RDC,"Didanosine 200mg, chewable/dispersible tablets, 60 Tabs",Didanosine,Generic,200mg,Chewable/dispersible tablet,60,2788,43214.0,15.5,0.26,"Aurobindo Unit III, India",Yes,588,5121.68,93.17
84121,114-UG-T30,FPQ-8520,SO-40911,DN-2435,Uganda,PMO - US,From RDC,N/A - From RDC,Truck,10/5/11,N/A - From RDC,9-Jan-12,1-Dec-11,1-Dec-11,ARV,Adult,SCMS from RDC,"Efavirenz 600mg, tablets, 30 Tabs",Efavirenz,Generic,600mg,Tablet,30,10000,41200.0,4.12,0.14,"Strides, Bangalore, India.",Yes,1051,39130.38,67.98
85240,151-NG-T30,FPQ-8952,SO-41262,DN-2563,Nigeria,PMO - US,From RDC,N/A - From RDC,Air Charter,12/8/11,N/A - From RDC,20-Jun-12,16-Feb-12,16-Feb-12,ARV,Adult,SCMS from RDC,"Tenofovir Disoproxil Fumarate 300mg, tablets, 30 Tabs",Tenofovir Disoproxil Fumarate,Generic,300mg,Tablet,30,3000,16500.0,5.5,0.18,Mylan (formerly Matrix) Nashik,Yes,188,25231.96,23.13
85776,111-MZ-T30,FPQ-7053,SO-38631,DN-2281,Mozambique,PMO - US,From RDC,N/A - From RDC,Truck,1/24/11,N/A - From RDC,17-Nov-11,17-Nov-11,17-Nov-11,ARV,Adult,SCMS from RDC,"Lamivudine/Nevirapine/Stavudine 150/200/30mg, tablets, 60 Tabs",Lamivudine/Nevirapine/Stavudine,Generic,150/200/30mg,Tablet - FDC,60,81270,451861.2,5.56,0.09,"Cipla, Goa, India",Yes,8491,10605.03,745.57
84795,104-CI-T30,FPQ-10633,SO-43340,DN-3046,Côte d'Ivoire,PMO - US,From RDC,N/A - From RDC,Truck,9/11/12,N/A - From RDC,30-Apr-13,8-Mar-13,8-Mar-13,ARV,Adult,SCMS from RDC,"Tenofovir Disoproxil Fumarate 300mg, tablets, 30 Tabs",Tenofovir Disoproxil Fumarate,Generic,300mg,Tablet,30,4500,18180.0,4.04,0.13,Mylan (formerly Matrix) Nashik,No,See DN-3046 (ID#:83119),See DN-3046 (ID#:83119),25.49
12290,123-NG-T01,Pre-PQ Process,SO-24482,DN-1263,Nigeria,PMO - US,From RDC,N/A - From RDC,Air Charter,Pre-PQ Process,N/A - From RDC,16-Jun-09,16-Jun-09,16-Jun-09,ARV,Adult,SCMS from RDC,"Lamivudine/Nevirapine/Stavudine 150/200/30mg, tablets, 60 Tabs",Lamivudine/Nevirapine/Stavudine,Generic,150/200/30mg,Tablet - FDC,60,3235,23033.2,7.12,0.12,"Cipla, Goa, India",No,See DN-1263 (ID#:11053),See DN-1263 (ID#:11053),45.15
11265,106-HT-T01,Pre-PQ Process,SO-2055,DN-690,Haiti,PMO - US,From RDC,N/A - From RDC,Air,Pre-PQ Process,N/A - From RDC,14-Apr-08,14-Apr-08,14-Apr-08,ARV,Pediatric,SCMS from RDC,"Lamivudine 10mg/ml, oral solution, Bottle, 240 ml",Lamivudine,Generic,10mg/ml,Oral solution,240,4338,8545.86,1.97,0.01,"Aurobindo Unit III, India",No,See DN-690 (ID#:10706),See DN-690 (ID#:10706),13.67
85741,110-ZM-T30,FPQ-6222,SO-37350,DN-2117,Zambia,PMO - US,From RDC,N/A - From RDC,Truck,8/20/10,N/A - From RDC,31-Mar-11,7-Mar-11,7-Mar-11,ARV,Adult,SCMS from RDC,"Efavirenz 600mg, tablets, 30 Tabs",Efavirenz,Generic,600mg,Tablet,30,11729,50669.28,4.32,0.14,"Aurobindo Unit III, India",No,See DN-2117 (ID#:84061),See DN-2117 (ID#:84061),109.24
82936,114-UG-T30,FPQ-6427,SO-37540,DN-2109,Uganda,PMO - US,From RDC,N/A - From RDC,Truck,9/29/10,N/A - From RDC,22-Feb-11,28-Feb-11,28-Feb-11,ARV,Adult,SCMS from RDC,"Efavirenz 600mg, tablets, 30 Tabs",Efavirenz,Generic,600mg,Tablet,30,52231,226682.54,4.34,0.14,Hetero Unit III Hyderabad IN,Yes,4447,17711.71,488.73
83514,113-ZW-T30,FPQ-6470,SO-37842,DN-2285,Zimbabwe,PMO - US,From RDC,N/A - From RDC,Truck,10/13/10,N/A - From RDC,15-Aug-11,11-Aug-11,11-Aug-11,ARV,Adult,SCMS from RDC,"Lamivudine/Stavudine 150/30mg, tablets, 60 Tabs",Lamivudine/Stavudine,Generic,150/30mg,Tablet - FDC,60,4669,15314.32,3.28,0.05,"Cipla, Goa, India",Yes,357,2143.49,33.02
82513,104-CI-T30,FPQ-9749,SO-42380,DN-2861,Côte d'Ivoire,PMO - US,From RDC,N/A - From RDC,Truck,4/19/12,N/A - From RDC,29-Oct-12,1-Oct-12,1-Oct-12,ARV,Adult,SCMS from RDC,"Efavirenz 600mg, tablets, 30 Tabs",Efavirenz,Generic,600mg,Tablet,30,2000,7620.0,3.81,0.13,"Strides, Bangalore, India.",Yes,4026,15677.98,10.68
12135,110-ZM-T01,Pre-PQ Process,SO-1314,DN-466,Zambia,PMO - US,From RDC,N/A - From RDC,,Pre-PQ Process,N/A - From RDC,12-Dec-07,12-Dec-07,12-Dec-07,ARV,Adult,SCMS from RDC,"Nevirapine 200mg, tablets, 60 Tabs",Nevirapine,Generic,200mg,Tablet,60,60440,205496.0,3.4,0.06,"Aurobindo Unit III, India",Yes,5725,15671.53,328.79
12165,100-ZW-T01,Pre-PQ Process,SO-2667,DN-756,Zimbabwe,PMO - US,From RDC,N/A - From RDC,Air,Pre-PQ Process,N/A - From RDC,11-Jun-08,11-Jun-08,11-Jun-08,ARV,Adult,SCMS from RDC,"Lamivudine/Nevirapine/Stavudine 150/200/30mg, tablets, 60 Tabs",Lamivudine/Nevirapine/Stavudine,Generic,150/200/30mg,Tablet - FDC,60,37240,275576.0,7.4,0.12,"Cipla, Goa, India",No,See DN-756 (ID#:11866),See DN-756 (ID#:11866),440.92
28544,108-VN-T30,FPQ-15040,SCMS-263650,ASN-30556,Vietnam,PMO - US,Direct Drop,EXW,Air,10/30/14,12/8/14,26-Mar-15,26-Mar-15,26-Mar-15,ARV,Adult,MYLAN LABORATORIES LTD (FORMERLY MATRIX LABORATORIES),"Lamivudine/Zidovudine 150/300mg, tablets, 60 Tabs",Lamivudine/Zidovudine,Generic,150/300mg,Tablet - FDC,60,5700,36993.0,6.49,0.11,Mylan (formerly Matrix) Nashik,Yes,498,1477.34,38.03
84169,113-ZW-T30,FPQ-8464,SO-40870,DN-2656,Zimbabwe,PMO - US,From RDC,N/A - From RDC,Truck,10/4/11,N/A - From RDC,12-Jun-12,25-May-12,25-May-12,ARV,Adult,SCMS from RDC,"Lamivudine/Zidovudine 150/300mg, tablets, 60 Tabs",Lamivudine/Zidovudine,Generic,150/300mg,Tablet - FDC,60,3345,26024.1,7.78,0.13,Mylan (formerly Matrix) Nashik,No,See DN-2656 (ID#:83032),See DN-2656 (ID#:83032),42.94
66218,116-ZA-T30,FPQ-4770,SCMS-60190,ASN-5907,South Africa,PMO - US,Direct Drop,DDP,Truck,12/17/09,12/23/09,29-Dec-09,29-Dec-09,29-Dec-09,ARV,Pediatric,S. BUYS WHOLESALER,"Ritonavir 80mg/ml [Norvir], oral solution, cool, Bottle, 90 ml",Ritonavir,Norvir,80mg/ml,Oral solution,90,5,46.16,9.23,0.1,ABBVIE (Abbott) France,No,Weight Captured Separately,Freight Included in Commodity Cost,0.1
4459,108-VN-T01,Pre-PQ Process,SCMS-23380,ASN-2524,Vietnam,PMO - US,Direct Drop,CIP,Air,Pre-PQ Process,5/13/08,30-Sep-08,30-Sep-08,30-Sep-08,ARV,Pediatric,BRISTOL-MYERS SQUIBB,"Didanosine 25mg [Videx], chewable tablets, 60 Tabs",Didanosine,Videx,25mg,Chewable/dispersible tablet,60,400,2800.0,7.0,0.12,"BMS Meymac, France",Yes,81,2035.66,4.48
82500,111-MZ-T30,FPQ-10210,SO-42950,DN-2808,Mozambique,PMO - US,From RDC,N/A - From RDC,Truck,6/28/12,N/A - From RDC,30-Nov-12,29-Oct-12,29-Oct-12,ARV,Pediatric,SCMS from RDC,"Zidovudine 10mg/ml, oral solution w/syringe, Bottle, 240 ml",Zidovudine,Generic,10mg/ml,Oral solution,240,7150,15015.0,2.1,0.01,"Aurobindo Unit III, India",Yes,2778,19730.62,21.05
85864,151-NG-T30,FPQ-9432,SO-42331,DN-2686,Nigeria,PMO - US,From RDC,N/A - From RDC,Air Charter,3/1/12,N/A - From RDC,2-Aug-12,3-Jun-12,3-Jun-12,ARV,Pediatric,SCMS from RDC,"Efavirenz 200mg, capsule, 90 Caps",Efavirenz,Generic,200mg,Capsule,90,2067,17858.88,8.64,0.1,"Aurobindo Unit III, India",Yes,307,17090,25.04
82911,100-DO-T30,FPQ-6079,SO-37200,DN-1985,Dominican Republic,PMO - US,From RDC,N/A - From RDC,Air,7/16/10,N/A - From RDC,30-Aug-10,28-Aug-10,28-Aug-10,ARV,Adult,SCMS from RDC,"Lamivudine/Tenofovir Disoproxil Fumarate 300/300mg, tablets, 30 Tabs",Lamivudine/Tenofovir Disoproxil Fumarate,Generic,300/300mg,Tablet - FDC,30,6000,57780.0,9.63,0.32,Mylan (formerly Matrix) Nashik,Yes,1726,17450.76,124.57
83095,103-ZW-T30,FPQ-9907,SO-42220,DN-2942,Zimbabwe,PMO - US,From RDC,N/A - From RDC,Truck,5/15/12,N/A - From RDC,14-Dec-12,11-Dec-12,11-Dec-12,ARV,Pediatric,SCMS from RDC,"Lamivudine/Stavudine 30/6mg, dispersible tablets, 60 Tabs",Lamivudine/Stavudine,Generic,30/6mg,Chewable/dispersible tablet - FDC,60,9215,17508.5,1.9,0.03,"Cipla, Goa, India",No,See DN-2942 (ID#:82530),See DN-2942 (ID#:82530),24.55
85232,111-MZ-T30,FPQ-7053,SO-38630,DN-2516,Mozambique,PMO - US,From RDC,N/A - From RDC,Truck,1/24/11,N/A - From RDC,29-Feb-12,8-Mar-12,8-Mar-12,ARV,Pediatric,SCMS from RDC,"Nevirapine 10mg/ml, oral suspension w/syringe, Bottle, 240 ml",Nevirapine,Generic,10mg/ml,Oral suspension,240,41998,81896.1,1.95,0.01,"Aurobindo Unit III, India",Yes,12489,9458.64,135.13
84864,110-ZM-T30,FPQ-12066,SO-45081,DN-3360,Zambia,PMO - US,From RDC,N/A - From RDC,Truck,4/19/13,N/A - From RDC,24-Jan-14,24-Jan-14,17-Mar-14,ARV,Adult,SCMS from RDC,"Efavirenz/Emtricitabine/Tenofovir Disoproxil Fumarate 600/200/300mg, tablets, 30 Tabs",Efavirenz/Emtricitabine/Tenofovir Disoproxil Fumarate,Generic,600/200/300mg,Tablet - FDC,30,100619,1237613.7,12.3,0.41,"Cipla, Goa, India",Yes,47387,30981.39,1530.93
83156,114-UG-T30,FPQ-12253,SO-45541,DN-3296,Uganda,PMO - US,From RDC,N/A - From RDC,Truck,5/8/13,N/A - From RDC,12-Sep-13,16-Oct-13,29-Oct-13,ARV,Adult,SCMS from RDC,"Lamivudine/Tenofovir Disoproxil Fumarate 300/300mg, tablets, 30 Tabs",Lamivudine/Tenofovir Disoproxil Fumarate,Generic,300/300mg,Tablet - FDC,30,4403,20694.1,4.7,0.16,"Aurobindo Unit VII, IN",Yes,703,4234.12,25.6
11511,113-ZW-T01,Pre-PQ Process,SO-1439,DN-477,Zimbabwe,PMO - US,From RDC,N/A - From RDC,Air,Pre-PQ Process,N/A - From RDC,11-Jan-08,11-Jan-08,11-Jan-08,HRDT,HIV test,SCMS from RDC,"HIV 1/2, Bioline 3.0 Kit, Lancets, Capillary pipets, Alcohol swabs included, 25 Tests","HIV 1/2, Bioline 3.0 Kit, Lancets, Capillary pipets, Alcohol swabs included",Bioline,,Test kit,25,3508,70160.0,20.0,0.8,"Standard Diagnostics, Korea",Yes,1052,4641.85,112.26
85397,102-BI-T30,FPQ-12065,SO-45150,DN-3284,Burundi,PMO - US,From RDC,N/A - From RDC,Air,4/22/13,N/A - From RDC,30-Aug-13,27-Aug-13,27-Aug-13,ARV,Adult,SCMS from RDC,"Emtricitabine/Tenofovir Disoproxil Fumarate 200/300mg, tablets, 30 Tabs",Emtricitabine/Tenofovir Disoproxil Fumarate,Generic,200/300mg,Tablet - FDC,30,2562,15551.34,6.07,0.2,"Aurobindo Unit III, India",Yes,240,1634.38,19.24
84002,113-ZW-T30,FPQ-4688,SO-35900,DN-1830,Zimbabwe,PMO - US,From RDC,N/A - From RDC,Air,12/8/09,N/A - From RDC,28-May-10,31-May-10,31-May-10,ARV,Adult,SCMS from RDC,"Lamivudine/Nevirapine/Stavudine 150/200/30mg, tablets, 60 Tabs",Lamivudine/Nevirapine/Stavudine,Generic,150/200/30mg,Tablet - FDC,60,298,1743.3,5.85,0.1,"Cipla, Goa, India",Yes,31,3833.17,3.76
83644,104-CI-T30,FPQ-9749,SO-42370,DN-2970,Côte d'Ivoire,PMO - US,From RDC,N/A - From RDC,Truck,4/19/12,N/A - From RDC,31-Jan-13,25-Jan-12,25-Jan-13,ARV,Adult,SCMS from RDC,"Lamivudine/Nevirapine/Zidovudine 150/200/300mg, tablets, 60 Tabs",Lamivudine/Nevirapine/Zidovudine,Generic,150/300/200mg,Tablet - FDC,60,9577,92130.74,9.62,0.16,"Aurobindo Unit III, India",Yes,6889,24138.35,129.17
45090,116-ZA-T30,FPQ-11828,SCMS-183950,ASN-19166,South Africa,South Africa Field Office,Direct Drop,DDP,Truck,3/18/13,Date Not Captured,16-Apr-13,16-Apr-13,16-Apr-13,ARV,Adult,S. BUYS WHOLESALER,"Tenofovir Disoproxil Fumarate 300mg, tablets, 30 Tabs",Tenofovir Disoproxil Fumarate,Generic,300mg,Tablet,30,621,12768.22,20.56,0.69,"Aurobindo Unit III, India",No,Weight Captured Separately,Freight Included in Commodity Cost,15.79
11009,111-MZ-T01,Pre-PQ Process,SO-26390,DN-1150,Mozambique,PMO - US,From RDC,N/A - From RDC,Air,Pre-PQ Process,N/A - From RDC,27-Apr-09,27-Apr-09,27-Apr-09,ARV,Pediatric,SCMS from RDC,"Lopinavir/Ritonavir 80/20mg/ml [Kaletra], oral solution, cool, Bottle 5 x 60 ml",Lopinavir/Ritonavir,Kaletra,80/20mg/ml,Oral solution,300,40,1644.0,41.1,0.14,ABBVIE (Abbott) Logis. UK,Yes,52,1287.77,3.22
82970,111-MZ-T30,FPQ-7053,SO-38690,DN-2308,Mozambique,PMO - US,From RDC,N/A - From RDC,Truck,1/24/11,N/A - From RDC,12-Aug-11,15-Sep-11,15-Sep-11,ARV,Pediatric,SCMS from RDC,"Zidovudine 10mg/ml, oral solution w/syringe, Bottle, 240 ml",Zidovudine,Generic,10mg/ml,Oral solution,240,5625,11362.5,2.02,0.01,"Aurobindo Unit III, India",Yes,2157,2166.21,18.75
12886,112-NG-T01,Pre-PQ Process,SO-21050,DN-1244,Nigeria,PMO - US,From RDC,N/A - From RDC,Air Charter,Pre-PQ Process,N/A - From RDC,16-Jun-09,16-Jun-09,16-Jun-09,ARV,Pediatric,SCMS from RDC,"Lamivudine 10mg/ml, oral solution, Bottle, 240 ml",Lamivudine,Generic,10mg/ml,Oral solution,240,806,1531.4,1.9,0.01,"Aurobindo Unit III, India",No,See DN-1244 (ID#:11048),See DN-1244 (ID#:11048),3.0
10636,110-ZM-T01,Pre-PQ Process,SO-1317,DN-605,Zambia,PMO - US,From RDC,N/A - From RDC,Truck,Pre-PQ Process,N/A - From RDC,21-Feb-08,21-Feb-08,21-Feb-08,ARV,Adult,SCMS from RDC,"Nevirapine 200mg, tablets, 60 Tabs",Nevirapine,Generic,200mg,Tablet,60,72333,245932.2,3.4,0.06,Hetero Unit III Hyderabad IN,Yes,4957,15220.18,393.49
83859,103-ZW-T30,FPQ-14459,SO-49182,DN-4004,Zimbabwe,PMO - US,From RDC,N/A - From RDC,Truck,6/13/14,N/A - From RDC,24-Nov-14,11-Nov-14,18-Nov-14,ARV,Pediatric,SCMS from RDC,"Lamivudine/Zidovudine 30/60mg, dispersible tablets, 60 Tabs",Lamivudine/Zidovudine,Generic,30/60mg,Chewable/dispersible tablet - FDC,60,10893,21677.07,1.99,0.03,"Cipla, Goa, India",Yes,735,6331.93,22.28
83289,110-ZM-T30,FPQ-14162,SO-48690,DN-4018,Zambia,PMO - US,From RDC,N/A - From RDC,Truck,4/24/14,N/A - From RDC,30-Jan-15,1-Feb-15,20-Feb-15,ARV,Adult,SCMS from RDC,"Zidovudine 300mg, tablets, 60 Tabs",Zidovudine,Generic,300mg,Tablet,60,5281,29045.5,5.5,0.09,"Aurobindo Unit III, India",Yes,312,401.82,29.86
84691,101-CD-T30,FPQ-8840,SO-41132,DN-2494,"Congo, DRC",PMO - US,From RDC,N/A - From RDC,Air,11/21/11,N/A - From RDC,16-Mar-12,14-Feb-12,14-Feb-12,ARV,Adult,SCMS from RDC,"Efavirenz 600mg, tablets, 30 Tabs",Efavirenz,Generic,600mg,Tablet,30,27,111.24,4.12,0.14,"Strides, Bangalore, India.",No,See DN-2494 (ID#:82433),See DN-2494 (ID#:82433),0.16
12191,119-NA-T01,Pre-PQ Process,SO-1970,DN-680,Namibia,PMO - US,From RDC,N/A - From RDC,Air,Pre-PQ Process,N/A - From RDC,19-Mar-08,19-Mar-08,19-Mar-08,HRDT,HIV test,SCMS from RDC,"HIV 1/2, Clearview Complete Kit, 25 Tests","HIV 1/2, Clearview Complete Kit",Clearview,,Test kit,25,229,17175.0,75.0,3.0,Inverness USA,Yes,140,1286.7,27.48
83632,151-NG-T30,FPQ-9968,SO-42682,DN-2901,Nigeria,PMO - US,From RDC,N/A - From RDC,Air,5/23/12,N/A - From RDC,6-Nov-12,6-Nov-12,6-Nov-12,ARV,Adult,SCMS from RDC,"Lamivudine/Tenofovir Disoproxil Fumarate 300/300mg, tablets, 30 Tabs",Lamivudine/Tenofovir Disoproxil Fumarate,Generic,300/300mg,Tablet - FDC,30,41514,222515.04,5.36,0.18,"Cipla, Kurkumbh, India",Yes,4052,15459.09,311.97
11583,111-MZ-T01,Pre-PQ Process,SO-15091,DN-989,Mozambique,PMO - US,From RDC,N/A - From RDC,Air,Pre-PQ Process,N/A - From RDC,18-Dec-08,18-Dec-08,18-Dec-08,ARV,Adult,SCMS from RDC,"Lamivudine/Nevirapine/Stavudine 150/200/30mg, tablets, 60 Tabs",Lamivudine/Nevirapine/Stavudine,Generic,150/200/30mg,Tablet - FDC,60,92950,669240.0,7.2,0.12,"Strides, Bangalore, India.",Yes,6883,7534.18,1311.71
10993,110-ZM-T01,Pre-PQ Process,SO-15280,DN-952,Zambia,PMO - US,From RDC,N/A - From RDC,Air,Pre-PQ Process,N/A - From RDC,20-Oct-08,20-Oct-08,20-Oct-08,ARV,Pediatric,SCMS from RDC,"Zidovudine 10mg/ml, oral solution, Bottle, 240 ml",Zidovudine,Generic,10mg/ml,Oral solution,240,3200,6720.0,2.1,0.01,"Aurobindo Unit III, India",Yes,1120,8185.2,13.17
84681,104-CI-T30,FPQ-7659,SO-40090,DN-2419,Côte d'Ivoire,PMO - US,From RDC,N/A - From RDC,Air,5/3/11,N/A - From RDC,20-Dec-11,19-Nov-11,19-Nov-11,ARV,Pediatric,SCMS from RDC,"Didanosine 200mg, chewable/dispersible tablets, 60 Tabs",Didanosine,Generic,200mg,Chewable/dispersible tablet,60,5184,77760.0,15.0,0.25,"Aurobindo Unit III, India",Yes,1103,3296.34,128.3
34184,108-VN-T30,FPQ-6818,SCMS-98170,ASN-10617,Vietnam,PMO - US,Direct Drop,FCA,Air,1/17/11,2/9/11,10-May-11,10-May-11,10-May-11,ARV,Adult,ABBVIE LOGISTICS (FORMERLY ABBOTT LOGISTICS BV),"Ritonavir 100mg [Norvir], capsules, cool, 4 x 84 Caps",Ritonavir,Norvir,100mg,Capsule,336,36,7434.36,206.51,0.61,ABBVIE (Abbott) Logis. UK,Yes,111,7300.68,12.27
84137,101-CD-T30,FPQ-8840,SO-41137,DN-2499,"Congo, DRC",PMO - US,From RDC,N/A - From RDC,Air,11/21/11,N/A - From RDC,16-Mar-12,14-Feb-12,14-Feb-12,ARV,Adult,SCMS from RDC,"Lopinavir/Ritonavir 200/50mg, tablets, 120 Tabs",Lopinavir/Ritonavir,Generic,200/50mg,Tablet,120,50,1687.0,33.74,0.28,"Aurobindo Unit III, India",No,See DN-2499 (ID#:83004),See DN-2499 (ID#:83004),2.37
2733,104-CI-T01,Pre-PQ Process,SCMS-593,ASN-452,Côte d'Ivoire,PMO - US,Direct Drop,EXW,Air,Pre-PQ Process,5/1/07,28-Jun-07,28-Jun-07,28-Jun-07,HRDT,HIV test,Orasure Technologies Inc.,"HIV 1/2, OraQuick Advance HIV Rapid Antibody Kit, 100 Tests","HIV 1/2, OraQuick Advance HIV Rapid Antibody Kit",OraQuick,,Test kit,100,50,20000.0,400.0,4.0,"Pacific Biotech, Thailand",Yes,120,3004.62,
14803,107-RW-T30,FPQ-13651,SCMS-227720,ASN-25269,Rwanda,PMO - US,Direct Drop,EXW,Air,2/5/14,2/28/14,6-May-14,6-May-14,15-May-14,ARV,Pediatric,Aurobindo Pharma Limited,"Nevirapine 10mg/ml, oral suspension w/syringe, Bottle, 240 ml",Nevirapine,Generic,10mg/ml,Oral suspension,240,9720,14677.2,1.51,0.01,"Aurobindo Unit III, India",Yes,4365,Freight Included in Commodity Cost,15.09
84915,105-GY-T30,FPQ-13567,SO-47730,DN-3626,Guyana,PMO - US,From RDC,N/A - From RDC,Air,1/16/14,N/A - From RDC,30-Jun-14,14-Apr-14,6-Jun-14,ARV,Adult,SCMS from RDC,"Lamivudine 150mg, tablets, 60 Tabs",Lamivudine,Generic,150mg,Tablet,60,210,468.3,2.23,0.04,"Strides, Bangalore, India.",No,See DN-3626 (ID#:83781),See DN-3626 (ID#:83781),0.48
85459,104-CI-T30,FPQ-13142,SO-47131,DN-3632,Côte d'Ivoire,PMO - US,From RDC,N/A - From RDC,Truck,10/22/13,N/A - From RDC,30-Apr-14,25-Apr-14,11-Jun-14,ARV,Adult,SCMS from RDC,"Abacavir 300mg, tablets, 60 Tabs",Abacavir,Generic,300mg,Tablet,60,10620,119262.6,11.23,0.19,"Aurobindo Unit III, India",No,See DN-3632 (ID#:82665),See DN-3632 (ID#:82665),122.6
60004,161-ZA-T30,FPQ-6262,SCMS-84230,ASN-9456,South Africa,PMO - US,Direct Drop,DDP,Ocean,8/31/10,9/21/10,14-Feb-11,14-Feb-11,14-Feb-11,ARV,Adult,STRIDES ARCOLAB LIMITED,"Lamivudine 150mg, tablets, 60 Tabs",Lamivudine,Generic,150mg,Tablet,60,189137,467168.39,2.47,0.04,"Strides, Bangalore, India.",Yes,9173,13677.67,1007.22
21839,116-ZA-T30,FPQ-12522,SCMS-199289,ASN-28034,South Africa,PMO - US,Direct Drop,DDP,Truck,7/11/13,8/29/14,29-Aug-14,29-Aug-14,29-Aug-14,ARV,Adult,S. BUYS WHOLESALER,"Didanosine 400mg, delayed-release capsules, 30 Caps",Didanosine,Generic,400mg,Delayed-release capsules,30,20,434.11,21.71,0.72,"Aurobindo Unit III, India",No,Weight Captured Separately,Freight Included in Commodity Cost,0.54
84259,151-NG-T30,FPQ-11022,SO-43842,DN-3148,Nigeria,PMO - US,From RDC,N/A - From RDC,Air Charter,11/15/12,N/A - From RDC,21-May-13,6-May-13,6-May-13,ARV,Adult,SCMS from RDC,"Nevirapine 200mg, tablets, 60 Tabs",Nevirapine,Generic,200mg,Tablet,60,14344,32417.44,2.26,0.04,"Aurobindo Unit III, India",No,See DN-3148 (ID#:82574),See DN-3148 (ID#:82574),40.1
82612,151-NG-T30,FPQ-11864,SO-44932,DN-3366,Nigeria,PMO - US,From RDC,N/A - From RDC,Air Charter,3/14/13,N/A - From RDC,31-Oct-13,14-Oct-13,24-Oct-13,ARV,Adult,SCMS from RDC,"Lamivudine/Nevirapine/Zidovudine 150/200/300mg, tablets, 60 Tabs",Lamivudine/Nevirapine/Zidovudine,Generic,150/300/200mg,Tablet - FDC,60,75000,643500.0,8.58,0.14,"Cipla, Goa, India",Yes,22700,20225.07,796.01
86552,151-NG-T30,FPQ-10477,SO-43047,DN-3027,Nigeria,PMO - US,From RDC,N/A - From RDC,Air Charter,8/9/12,N/A - From RDC,15-Mar-13,25-Feb-13,25-Feb-13,ARV,Adult,SCMS from RDC,"Emtricitabine/Tenofovir Disoproxil Fumarate 200/300mg, tablets, 30 Tabs",Emtricitabine/Tenofovir Disoproxil Fumarate,Generic,200/300mg,Tablet - FDC,30,52546,318954.22,6.07,0.2,Hetero Unit III Hyderabad IN,No,See DN-3027 (ID#:86551),See DN-3027 (ID#:86551),447.17
9100,133-NG-T01,Pre-PQ Process,SCMS-43320,ASN-4100,Nigeria,PMO - US,Direct Drop,EXW,Air,Pre-PQ Process,4/9/09,24-Jun-09,8-Jun-09,8-Jun-09,HRDT,HIV test,"Orgenics, Ltd","HIV 1/2, Determine Complete HIV Kit, 100 Tests","HIV 1/2, Determine Complete HIV Kit",Determine,,Test kit,100,1500,120000.0,80.0,0.8,Inverness Japan,Yes,445,7120,235.2
83244,104-CI-T30,FPQ-11254,SO-44141,DN-3681,Côte d'Ivoire,PMO - US,From RDC,N/A - From RDC,Truck,12/14/12,N/A - From RDC,15-May-14,12-May-14,30-Jun-14,ARV,Pediatric,SCMS from RDC,"Lamivudine/Nevirapine/Zidovudine 30/50/60mg, dispersible tablets, 60 Tabs",Lamivudine/Nevirapine/Zidovudine,Generic,30/50/60mg,Chewable/dispersible tablet - FDC,60,3200,12000.0,3.75,0.06,Mylan (formerly Matrix) Nashik,Yes,166,1137.18,14.84
48825,108-VN-T30,FPQ-15692,SCMS-281670,ASN-32017,Vietnam,PMO - US,Direct Drop,EXW,Air,1/28/15,3/19/15,13-Jul-15,13-Jul-15,14-Jul-15,ARV,Adult,HETERO LABS LIMITED,"Tenofovir Disoproxil Fumarate 300mg, tablets, 30 Tabs",Tenofovir Disoproxil Fumarate,Generic,300mg,Tablet,30,22700,71505.0,3.15,0.1,Hetero Unit III Hyderabad IN,Yes,Weight Captured Separately,Invoiced Separately,84.16
30065,133-NG-T30,FPQ-6606,SCMS-91790,ASN-8940,Nigeria,PMO - US,Direct Drop,EXW,Air,10/29/10,11/9/10,17-Dec-10,17-Dec-10,17-Dec-10,HRDT,HIV test,"Trinity Biotech, Plc","HIV 1/2, Uni-Gold HIV Kit, 20 Tests","HIV 1/2, Uni-Gold HIV Kit",Uni-Gold,,Test kit,20,3750,120000.0,32.0,1.6,"Trinity Biotech, Plc",Yes,1072,16036.98,198.0
86823,103-ZW-T30,FPQ-15197,SO-50022,DN-4336,Zimbabwe,PMO - US,From RDC,N/A - From RDC,Truck,10/16/14,N/A - From RDC,31-Aug-15,4-Aug-15,11-Aug-15,ARV,Pediatric,SCMS from RDC,"Lamivudine/Zidovudine 30/60mg, dispersible tablets, 60 Tabs",Lamivudine/Zidovudine,Generic,30/60mg,Chewable/dispersible tablet - FDC,60,36639,72911.61,1.99,0.03,"Cipla, Goa, India",No,Weight Captured Separately,Freight Included in Commodity Cost,85.82
82605,102-BI-T30,FPQ-12602,SO-46010,DN-3335,Burundi,PMO - US,From RDC,N/A - From RDC,Air,7/9/13,N/A - From RDC,3-Nov-13,5-Nov-13,12-Nov-13,ARV,Adult,SCMS from RDC,"Lamivudine/Nevirapine/Zidovudine 150/200/300mg, tablets, 60 Tabs",Lamivudine/Nevirapine/Zidovudine,Generic,150/300/200mg,Tablet - FDC,60,1344,11101.44,8.26,0.14,Hetero Unit III Hyderabad IN,No,See DN-3335 (ID#:82604),See DN-3335 (ID#:82604),13.73
73176,116-ZA-T30,FPQ-13035,SCMS-215370,ASN-24415,South Africa,PMO - US,Direct Drop,DDP,Truck,10/8/13,12/2/13,6-Feb-14,6-Feb-14,6-Feb-14,ARV,Pediatric,S. BUYS WHOLESALER,"Abacavir 20mg/ml, oral solution w/syringe, Bottle, 240 ml",Abacavir,Generic,20mg/ml,Oral solution,240,258,5919.28,22.94,0.1,"Aurobindo Unit III, India",No,Weight Captured Separately,Freight Included in Commodity Cost,7.32
12456,110-ZM-T01,Pre-PQ Process,SO-1315,DN-508,Zambia,PMO - US,From RDC,N/A - From RDC,,Pre-PQ Process,N/A - From RDC,28-Dec-07,28-Dec-07,28-Dec-07,ARV,Adult,SCMS from RDC,"Nevirapine 200mg, tablets, 60 Tabs",Nevirapine,Generic,200mg,Tablet,60,58680,199512.0,3.4,0.06,"Aurobindo Unit III, India",Yes,5557,15245.25,319.22
85857,114-UG-T30,FPQ-9356,SO-41610,DN-2654,Uganda,PMO - US,From RDC,N/A - From RDC,Truck,2/20/12,N/A - From RDC,29-Jun-12,22-May-12,22-May-12,ARV,Adult,SCMS from RDC,"Lopinavir/Ritonavir 200/50mg [Aluvia], tablets, 120 Tabs",Lopinavir/Ritonavir,Aluvia,200/50mg,Tablet,120,917,28261.94,30.82,0.26,ABBVIE Ludwigshafen Germany,No,See DN-2654 (ID#:82473),See DN-2654 (ID#:82473),39.62
11300,123-NG-T01,Pre-PQ Process,SO-19060,DN-1058,Nigeria,PMO - US,From RDC,N/A - From RDC,Air,Pre-PQ Process,N/A - From RDC,19-Jan-09,19-Jan-09,19-Jan-09,ARV,Adult,SCMS from RDC,"Lamivudine/Zidovudine 150/300mg, tablets, 60 Tabs",Lamivudine/Zidovudine,Generic,150/300mg,Tablet - FDC,60,45000,420750.0,9.35,0.16,"Aurobindo Unit III, India",No,See DN-1058 (ID#:11015),See DN-1058 (ID#:11015),824.67
69086,113-ZW-T30,FPQ-13939,SCMS-240570,ASN-27587,Zimbabwe,PMO - US,Direct Drop,EXW,Air Charter,4/1/14,5/27/14,17-Sep-14,17-Sep-14,19-Sep-14,ARV,Adult,HETERO LABS LIMITED,"Lamivudine/Tenofovir Disoproxil Fumarate 300/300mg, tablets, 30 Tabs",Lamivudine/Tenofovir Disoproxil Fumarate,Generic,300/300mg,Tablet - FDC,30,16013,73980.06,4.62,0.15,Hetero Unit III Hyderabad IN,Yes,1468,12091.91,76.05
30030,108-VN-T30,FPQ-5899,SCMS-77250,ASN-8909,Vietnam,PMO - US,Direct Drop,EXW,Air,6/23/10,7/1/10,8-Dec-10,8-Dec-10,8-Dec-10,ARV,Adult,Aurobindo Pharma Limited,"Zidovudine 300mg, tablets, 60 Tabs",Zidovudine,Generic,300mg,Tablet,60,168,1218.0,7.25,0.12,"Aurobindo Unit III, India",No,See ASN-8909 (ID#:19905),See ASN-8909 (ID#:19905),2.63
55716,116-ZA-T30,FPQ-14942,SCMS-259074,ASN-31070,South Africa,PMO - US,Direct Drop,DDP,Truck,9/11/14,3/9/15,9-Mar-15,9-Mar-15,9-Mar-15,ARV,Adult,PHARMACY DIRECT,"Didanosine 400mg, delayed-release capsules, 30 Caps",Didanosine,Generic,400mg,Delayed-release capsules,30,6,85.31,14.22,0.47,"Aurobindo Unit III, India",No,Weight Captured Separately,Freight Included in Commodity Cost,0.09
74035,116-ZA-T30,FPQ-12522,SCMS-199283,ASN-27979,South Africa,PMO - US,Direct Drop,DDP,Truck,7/11/13,8/27/14,27-Aug-14,27-Aug-14,27-Aug-14,ARV,Adult,S. BUYS WHOLESALER,"Zidovudine 300mg, tablets, 60 Tabs",Zidovudine,Generic,300mg,Tablet,60,11,306.08,27.83,0.46,"Aurobindo Unit III, India",No,Weight Captured Separately,Freight Included in Commodity Cost,0.38
82409,106-HT-T30,FPQ-6801,SO-38215,DN-2370,Haiti,PMO - US,From RDC,N/A - From RDC,Air,12/14/10,N/A - From RDC,31-Oct-11,10-Oct-11,10-Oct-11,ARV,Pediatric,SCMS from RDC,"Nevirapine 10mg/ml, oral suspension w/syringe, Bottle, 240 ml",Nevirapine,Generic,10mg/ml,Oral suspension,240,1292,2519.4,1.95,0.01,"Aurobindo Unit III, India",Yes,483,5324.69,4.16
83555,101-CD-T30,FPQ-8840,SO-41133,DN-2495,"Congo, DRC",PMO - US,From RDC,N/A - From RDC,Air,11/21/11,N/A - From RDC,16-Mar-12,14-Feb-12,14-Feb-12,ARV,Adult,SCMS from RDC,"Efavirenz 600mg, tablets, 30 Tabs",Efavirenz,Generic,600mg,Tablet,30,30,123.6,4.12,0.14,"Strides, Bangalore, India.",Yes,55,912.36,0.17
11238,111-MZ-T01,Pre-PQ Process,SO-1310,DN-688,Mozambique,PMO - US,From RDC,N/A - From RDC,Air,Pre-PQ Process,N/A - From RDC,30-Jun-08,30-Jun-08,30-Jun-08,ARV,Adult,SCMS from RDC,"Lamivudine/Nevirapine/Stavudine 150/200/30mg, tablets, 60 Tabs",Lamivudine/Nevirapine/Stavudine,Generic,150/200/30mg,Tablet - FDC,60,90955,673067.0,7.4,0.12,"Cipla, Goa, India",Yes,16579,8654.7,1076.91
11140,104-CI-T01,Pre-PQ Process,SO-701,DN-271,Côte d'Ivoire,PMO - US,From RDC,N/A - From RDC,,Pre-PQ Process,N/A - From RDC,14-Aug-07,14-Aug-07,14-Aug-07,ARV,Adult,SCMS from RDC,"Lamivudine/Stavudine 150/30mg, tablets, 30 Tabs",Lamivudine/Stavudine,Generic,150/30mg,Tablet - FDC,30,86821,173642.0,2.0,0.07,"Cipla, Goa, India",Yes,5697,14893,277.83
84307,107-RW-T30,FPQ-12190,SO-45401,DN-3424,Rwanda,PMO - US,From RDC,N/A - From RDC,Truck,5/6/13,N/A - From RDC,29-Nov-13,5-Feb-14,24-Feb-14,ARV,Pediatric,SCMS from RDC,"Lamivudine 10mg/ml, oral solution w/syringe, Bottle, 240 ml",Lamivudine,Generic,10mg/ml,Oral solution,240,5233,7587.85,1.45,0.01,"Aurobindo Unit III, India",Yes,1855,6638.3,9.39
83761,109-TZ-T30,FPQ-12587,SO-45999,DN-3531,Tanzania,PMO - US,From RDC,N/A - From RDC,Truck,7/4/13,N/A - From RDC,31-Jan-14,19-Feb-14,24-Feb-14,ARV,Adult,SCMS from RDC,"Emtricitabine/Tenofovir Disoproxil Fumarate 200/300mg, tablets, 30 Tabs",Emtricitabine/Tenofovir Disoproxil Fumarate,Generic,200/300mg,Tablet - FDC,30,40000,234800.0,5.87,0.2,"Aurobindo Unit III, India",Yes,7393,7083.18,290.45
12538,111-MZ-T01,Pre-PQ Process,SO-2424,DN-850,Mozambique,PMO - US,From RDC,N/A - From RDC,Air,Pre-PQ Process,N/A - From RDC,5-Sep-08,5-Sep-08,5-Sep-08,ARV,Adult,SCMS from RDC,"Lamivudine/Nevirapine/Zidovudine 150/200/300mg, tablets, 60 Tabs",Lamivudine/Nevirapine/Zidovudine,Generic,150/300/200mg,Tablet - FDC,60,16990,229365.0,13.5,0.22,"Aurobindo Unit III, India",No,See DN-850 (ID#:10733),See DN-850 (ID#:10733),366.98
11747,109-TZ-T01,Pre-PQ Process,SO-633,DN-243,Tanzania,PMO - US,From RDC,N/A - From RDC,Air,Pre-PQ Process,N/A - From RDC,30-Jul-07,30-Jul-07,30-Jul-07,ARV,Adult,SCMS from RDC,"Lopinavir/Ritonavir 200/50mg [Aluvia], tablets, 120 Tabs",Lopinavir/Ritonavir,Aluvia,200/50mg,Tablet,120,1155,47470.5,41.1,0.34,ABBVIE Ludwigshafen Germany,Yes,255,1388,75.95
74517,103-ZW-T30,FPQ-15220,SCMS-261591,ASN-31190,Zimbabwe,PMO - US,Direct Drop,FCA,Air,10/27/14,10/30/14,14-May-15,14-May-15,14-May-15,ARV,Pediatric,ABBVIE LOGISTICS (FORMERLY ABBOTT LOGISTICS BV),"Lopinavir/Ritonavir 80/20mg/ml [Kaletra], oral solution, cool, Bottle 5 x 60 ml",Lopinavir/Ritonavir,Kaletra,80/20mg/ml,Oral solution,300,2625,80902.5,30.82,0.1,ABBVIE (Abbott) Logis. UK,Yes,2583,20559.39,95.22
34890,116-ZA-T30,FPQ-12522,SCMS-199289,ASN-28037,South Africa,PMO - US,Direct Drop,DDP,Truck,7/11/13,8/29/14,29-Aug-14,29-Aug-14,29-Aug-14,ARV,Adult,S. BUYS WHOLESALER,"Lamivudine/Zidovudine 150/300mg, tablets, 60 Tabs",Lamivudine/Zidovudine,Generic,150/300mg,Tablet - FDC,60,215,7040.78,32.75,0.55,Hetero Unit III Hyderabad IN,No,Weight Captured Separately,Freight Included in Commodity Cost,8.71
11751,111-MZ-T01,Pre-PQ Process,SO-499,DN-258,Mozambique,PMO - US,From RDC,N/A - From RDC,Air,Pre-PQ Process,N/A - From RDC,15-Aug-07,15-Aug-07,15-Aug-07,ARV,Pediatric,SCMS from RDC,"Abacavir 20mg/ml, oral solution, Bottle, 240 ml",Abacavir,Generic,20mg/ml,Oral solution,240,1306,28079.0,21.5,0.09,"Aurobindo Unit III, India",No,See DN-258 (ID#:11425),See DN-258 (ID#:11425),44.93
37960,103-ZW-T30,FPQ-9905,SCMS-148300,ASN-17258,Zimbabwe,PMO - US,Direct Drop,FCA,Air,5/29/12,7/18/12,13-Dec-12,13-Dec-12,13-Dec-12,ARV,Pediatric,ABBVIE LOGISTICS (FORMERLY ABBOTT LOGISTICS BV),"Lopinavir/Ritonavir 80/20mg/ml [Kaletra], oral solution, cool, Bottle 5 x 60 ml",Lopinavir/Ritonavir,Kaletra,80/20mg/ml,Oral solution,300,1500,46230.0,30.82,0.1,ABBVIE (Abbott) Logis. UK,Yes,1374,21730.49,64.81
83914,103-SS-T30,FPQ-16212,SO-51450,DN-4287,South Sudan,PMO - US,From RDC,N/A - From RDC,Air,4/15/15,N/A - From RDC,28-Jul-15,19-Jun-15,23-Jun-15,ARV,Adult,SCMS from RDC,"Efavirenz/Lamivudine/Tenofovir Disoproxil Fumarate 600/300/300mg, tablets, 30 Tabs",Efavirenz/Lamivudine/Tenofovir Disoproxil Fumarate,Generic,600/300/300mg,Tablet - FDC,30,56400,541440.0,9.6,0.32,Mylan (formerly Matrix) Nashik,Yes,Weight Captured Separately,Invoiced Separately,637.27
85350,114-UG-T30,FPQ-11902,SO-44790,DN-3105,Uganda,PMO - US,From RDC,N/A - From RDC,Truck,3/16/13,N/A - From RDC,16-Apr-13,25-Apr-13,25-Apr-13,ARV,Pediatric,SCMS from RDC,"Nevirapine 10mg/ml, oral suspension w/syringe, Bottle, 240 ml",Nevirapine,Generic,10mg/ml,Oral suspension,240,36229,70646.55,1.95,0.01,"Aurobindo Unit III, India",Yes,13310,12203.29,87.39
37251,102-SD-T30,FPQ-6991,SCMS-100301,ASN-10451,Sudan,PMO - US,Direct Drop,EXW,Air,2/5/11,3/2/11,29-Apr-11,29-Apr-11,29-Apr-11,HRDT,HIV test - Ancillary,"Standard Diagnostics, Inc.","HIV 1/2, Bioline 3.0 Diluent, 25 Tests, Bottle x 5 ml","HIV 1/2, Bioline 3.0 Diluent, 25 Tests",Bioline,,Test kit - Ancillary,1,13,11.7,0.9,0.9,"Standard Diagnostics, Korea",Yes,1,137.5,0.02
47432,104-CI-T30,FPQ-12622,SCMS-201213,ASN-26834,Côte d'Ivoire,PMO - US,Direct Drop,EXW,Air,7/16/13,8/15/13,8-Jul-14,8-Jul-14,10-Jul-14,HRDT,HIV test,"Standard Diagnostics, Inc.","HIV 1/2, Bioline 3.0 Kit, Lancets, Capillary pipets, Alcohol swabs included, 25 Tests","HIV 1/2, Bioline 3.0 Kit, Lancets, Capillary pipets, Alcohol swabs included",Bioline,,Test kit,25,1400,28700.0,20.5,0.82,"Standard Diagnostics, Korea",Yes,468,5372.87,35.5
83612,107-RW-T30,FPQ-10119,SO-42701,DN-2801,Rwanda,PMO - US,From RDC,N/A - From RDC,Air,6/18/12,N/A - From RDC,3-Oct-12,17-Aug-12,17-Aug-12,ARV,Adult,SCMS from RDC,"Lamivudine/Stavudine 150/30mg, tablets, 60 Tabs",Lamivudine/Stavudine,Generic,150/30mg,Tablet - FDC,60,7300,21535.0,2.95,0.05,"Strides, Bangalore, India.",Yes,375,2719.63,30.19
86511,900-UG-T30,FPQ-10048,SO-42610,DN-2829,Uganda,PMO - US,From RDC,N/A - From RDC,Air,6/6/12,N/A - From RDC,29-Oct-12,29-Oct-12,29-Oct-12,ARV,Adult,SCMS from RDC,"Lamivudine/Tenofovir Disoproxil Fumarate 300/300mg, tablets, 30 Tabs",Lamivudine/Tenofovir Disoproxil Fumarate,Generic,300/300mg,Tablet - FDC,30,24799,137386.46,5.54,0.18,Mylan (formerly Matrix) Nashik,No,See DN-2829 (ID#:82504),See DN-2829 (ID#:82504),192.62
28001,133-NG-T30,FPQ-10765,SCMS-162440,ASN-18173,Nigeria,PMO - US,Direct Drop,EXW,Air,10/5/12,10/16/12,9-Jan-13,26-Feb-13,26-Feb-13,HRDT,HIV test,"Orgenics, Ltd","HIV 1/2, Determine Complete HIV Kit, 100 Tests","HIV 1/2, Determine Complete HIV Kit",Determine,,Test kit,100,2853,253917.0,89.0,0.89,"Alere Medical Co., Ltd.",Yes,1294,Freight Included in Commodity Cost,355.99
12207,102-KE-T01,Pre-PQ Process,SO-2692,DN-760,Kenya,PMO - US,From RDC,N/A - From RDC,Truck,Pre-PQ Process,N/A - From RDC,26-May-08,26-May-08,26-May-08,HRDT,HIV test,SCMS from RDC,"HIV 1/2, Determine HIV Kit, without Lancets, 100 Tests","HIV 1/2, Determine HIV Kit, without Lancets",Determine,,Test kit,100,1000,79990.0,79.99,0.8,Inverness Japan,Yes,Weight Captured Separately,Invoiced Separately,127.98
10976,106-HT-T01,Pre-PQ Process,SO-1565,DN-657,Haiti,PMO - US,From RDC,N/A - From RDC,Air,Pre-PQ Process,N/A - From RDC,19-Mar-08,19-Mar-08,19-Mar-08,HRDT,HIV test,SCMS from RDC,"HIV 1/2, Determine HIV Kit, without Lancets, 100 Tests","HIV 1/2, Determine HIV Kit, without Lancets",Determine,,Test kit,100,30,2160.0,72.0,0.72,Inverness Japan,Yes,7,774.84,3.46
62194,108-VN-T30,FPQ-15040,SCMS-263670,ASN-30942,Vietnam,PMO - US,Direct Drop,EXW,Air,10/30/14,12/8/14,14-Apr-15,14-Apr-15,14-Apr-15,ARV,Adult,HETERO LABS LIMITED,"Efavirenz 600mg, tablets, 30 Tabs",Efavirenz,Generic,600mg,Tablet,30,12200,42700.0,3.5,0.12,Hetero Unit III Hyderabad IN,No,See ASN-30942 (ID#:19840),See ASN-30942 (ID#:19840),43.9
14200,116-ZA-T30,FPQ-13214,SCMS-215410,ASN-23875,South Africa,PMO - US,Direct Drop,DDP,Truck,11/14/13,12/2/13,13-Jan-14,13-Jan-14,13-Jan-14,ARV,Adult,S. BUYS WHOLESALER,"Lamivudine/Zidovudine 150/300mg, tablets, 60 Tabs",Lamivudine/Zidovudine,Generic,150/300mg,Tablet - FDC,60,59,1653.14,28.02,0.47,"Cipla, Goa, India",Yes,Weight Captured Separately,Freight Included in Commodity Cost,1.7
62709,108-VN-T30,FPQ-10811,SCMS-164520,ASN-18691,Vietnam,PMO - US,Direct Drop,FCA,Air,10/15/12,11/7/12,3-Apr-13,3-Apr-13,3-Apr-13,ARV,Adult,ABBVIE LOGISTICS (FORMERLY ABBOTT LOGISTICS BV),"Lopinavir/Ritonavir 200/50mg [Aluvia], tablets, 120 Tabs",Lopinavir/Ritonavir,Aluvia,200/50mg,Tablet,120,1836,111665.52,60.82,0.51,ABBVIE Ludwigshafen Germany,Yes,439,958.85,138.13
35487,103-KE-T30,FPQ-10018,SCMS-149610,ASN-15667,Kenya,PMO - US,Direct Drop,EXW,Air,6/5/12,6/14/12,9-Jul-12,28-Jul-12,28-Jul-12,HRDT,HIV test,"Orgenics, Ltd","HIV 1/2, Determine Complete HIV Kit, 100 Tests","HIV 1/2, Determine Complete HIV Kit",Determine,,Test kit,100,5938,528482.0,89.0,0.89,"Alere Medical Co., Ltd.",Yes,1022,15120.61,740.93
31712,108-VN-T30,FPQ-10287,SCMS-156260,ASN-17696,Vietnam,PMO - US,Direct Drop,EXW,Air,7/25/12,8/15/12,30-Jan-13,30-Jan-13,30-Jan-13,ARV,Pediatric,MICRO LABS LIMITED,"Efavirenz 50mg, capsule, 30 Caps",Efavirenz,Generic,50mg,Capsule,30,1760,3555.2,2.02,0.07,"Micro labs, Verna, Goa, India",Yes,126,798.95,4.98
81808,106-HT-T30,FPQ-14083,SCMS-240130,ASN-28761,Haiti,PMO - US,Direct Drop,EXW,Ocean,5/11/14,6/2/14,9-Jan-15,9-Jan-15,12-Jan-15,ARV,Adult,MICRO LABS LIMITED,"Nevirapine 200mg, tablets, 60 Tabs",Nevirapine,Generic,200mg,Tablet,60,45750,95160.0,2.08,0.03,"Micro labs, Verna, Goa, India",No,See ASN-28761 (ID#:38632),See ASN-28761 (ID#:38632),97.82
82847,104-CI-T30,FPQ-4187,SO-34730,DN-1542,Côte d'Ivoire,PMO - US,From RDC,N/A - From RDC,Air,9/9/09,N/A - From RDC,26-Nov-09,2-Dec-09,2-Dec-09,ARV,Adult,SCMS from RDC,"Nevirapine 200mg, tablets, 60 Tabs",Nevirapine,Generic,200mg,Tablet,60,1437,4167.3,2.9,0.05,"Aurobindo Unit III, India",Yes,138,1211.48,8.17
14180,110-ZM-T30,FPQ-14081,SCMS-238950,ASN-26391,Zambia,PMO - US,Direct Drop,EXW,Air,4/15/14,5/16/14,28-Jul-14,28-Jul-14,15-Aug-14,HRDT,HIV test,"Trinity Biotech, Plc","HIV 1/2, Uni-Gold HIV Kit, 20 Tests","HIV 1/2, Uni-Gold HIV Kit",Uni-Gold,,Test kit,20,9500,304000.0,32.0,1.6,"Trinity Biotech, Plc",Yes,2783,20621.1,312.51
83224,106-HT-T30,FPQ-13608,SO-47690,DN-3586,Haiti,PMO - US,From RDC,N/A - From RDC,Air,1/22/14,N/A - From RDC,30-Mar-14,24-Mar-14,6-May-14,ARV,Adult,SCMS from RDC,"Tenofovir Disoproxil Fumarate 300mg, tablets, 30 Tabs",Tenofovir Disoproxil Fumarate,Generic,300mg,Tablet,30,60,242.4,4.04,0.13,Mylan (formerly Matrix) Nashik,Yes,6528,63922.3,0.25
5042,116-ZA-T01,Pre-PQ Process,SCMS-41060,ASN-3624,South Africa,PMO - US,Direct Drop,DDP,Air,Pre-PQ Process,Date Not Captured,5-May-09,23-Dec-08,23-Dec-08,ARV,Adult,S. BUYS WHOLESALER,"Efavirenz 600mg, tablets, 30 Tabs",Efavirenz,Generic,600mg,Tablet,30,6215,102609.65,16.51,0.55,"Aurobindo Unit III, India",No,Weight Captured Separately,Freight Included in Commodity Cost,201.11
58197,133-NG-T30,FPQ-12456,SCMS-196561,ASN-22356,Nigeria,PMO - US,Direct Drop,EXW,Air,6/10/13,7/10/13,7-Nov-13,11-Nov-13,17-Nov-13,HRDT,HIV test,"Orgenics, Ltd","HIV 1/2, Determine Complete HIV Kit, 100 Tests","HIV 1/2, Determine Complete HIV Kit",Determine,,Test kit,100,2949,262461.0,89.0,0.89,"Alere Medical Co., Ltd.",Yes,1192,19458.84,324.66
84521,110-ZM-T30,FPQ-4481,SO-34180,DN-1578,Zambia,PMO - US,From RDC,N/A - From RDC,Truck,7/14/09,N/A - From RDC,15-Jan-10,8-Dec-09,8-Dec-09,ARV,Adult,SCMS from RDC,"Lamivudine/Zidovudine 150/300mg, tablets, 60 Tabs",Lamivudine/Zidovudine,Generic,150/300mg,Tablet - FDC,60,36760,322017.6,8.76,0.15,"Aurobindo Unit III, India",Yes,3294,9942.26,631.15
83883,111-MZ-T30,FPQ-14226,SO-48886,DN-4115,Mozambique,PMO - US,From RDC,N/A - From RDC,Truck,5/2/14,N/A - From RDC,16-Mar-15,30-Mar-15,30-Mar-15,ARV,Adult,SCMS from RDC,"Abacavir 300mg, tablets, 60 Tabs",Abacavir,Generic,300mg,Tablet,60,5280,59294.4,11.23,0.19,"Aurobindo Unit III, India",No,See DN-4115 (ID#:83306),See DN-4115 (ID#:83306),60.95
12154,110-ZM-T01,Pre-PQ Process,SO-1188,DN-552,Zambia,PMO - US,From RDC,N/A - From RDC,,Pre-PQ Process,N/A - From RDC,25-Jan-08,25-Jan-08,25-Jan-08,ARV,Pediatric,SCMS from RDC,"Nevirapine 10mg/ml, oral suspension, Bottle, 240 ml",Nevirapine,Generic,10mg/ml,Oral suspension,240,1004,6224.8,6.2,0.03,"Aurobindo Unit III, India",Yes,358,1778.7,9.96
18240,108-VN-T30,FPQ-10287,SCMS-156320,ASN-17177,Vietnam,PMO - US,Direct Drop,EXW,Air,7/25/12,8/15/12,5-Dec-12,5-Dec-12,5-Dec-12,ARV,Adult,HETERO LABS LIMITED,"Lamivudine/Zidovudine 150/300mg, tablets, 60 Tabs",Lamivudine/Zidovudine,Generic,150/300mg,Tablet - FDC,60,14842,105081.36,7.08,0.12,Hetero Unit III Hyderabad IN,Yes,1364,2348.57,147.32
10919,104-CI-T01,Pre-PQ Process,SO-971,DN-421,Côte d'Ivoire,PMO - US,From RDC,N/A - From RDC,Air,Pre-PQ Process,N/A - From RDC,17-Jan-08,17-Jan-08,17-Jan-08,ARV,Adult,SCMS from RDC,"Lopinavir/Ritonavir 200/50mg [Aluvia], tablets, 120 Tabs",Lopinavir/Ritonavir,Aluvia,200/50mg,Tablet,120,479,19686.9,41.1,0.34,ABBVIE Ludwigshafen Germany,Yes,421,5947.88,31.5
33896,105-GH-T30,FPQ-13809,SCMS-234080,ASN-28229,Ghana,PMO - US,Direct Drop,EXW,Air,3/7/14,4/15/14,21-Nov-14,21-Nov-14,25-Nov-14,ARV,Adult,MYLAN LABORATORIES LTD (FORMERLY MATRIX LABORATORIES),"Lamivudine/Zidovudine 150/300mg, tablets, 60 Tabs",Lamivudine/Zidovudine,Generic,150/300mg,Tablet - FDC,60,25687,166708.63,6.49,0.11,Mylan (formerly Matrix) Nashik,Yes,2184,15041.23,171.38
36453,102-SD-T30,FPQ-6991,SCMS-100480,ASN-11003,Sudan,PMO - US,Direct Drop,EXW,Air,2/5/11,3/2/11,27-Jun-11,27-Jun-11,27-Jun-11,HRDT,HIV test,"Orgenics, Ltd","HIV 1/2, Determine Complete HIV Kit, 100 Tests","HIV 1/2, Determine Complete HIV Kit",Determine,,Test kit,100,213,18957.0,89.0,0.89,Inverness Japan,Yes,97,2542.17,31.28
70979,107-RW-T30,FPQ-10223,SCMS-152910,ASN-15893,Rwanda,PMO - US,Direct Drop,EXW,Air,7/5/12,7/16/12,9-Sep-12,9-Sep-12,9-Sep-12,ARV,Adult,Aurobindo Pharma Limited,"Nevirapine 200mg, tablets, 60 Tabs",Nevirapine,Generic,200mg,Tablet,60,58234,131026.5,2.25,0.04,"Aurobindo Unit III, India",Yes,5551,49069.74,183.7
24051,109-TZ-T30,FPQ-4157,SCMS-52776,ASN-5222,Tanzania,PMO - US,Direct Drop,EXW,Air,8/27/09,9/11/09,24-Dec-09,24-Dec-09,24-Dec-09,HRDT,HIV test,"Standard Diagnostics, Inc.","HIV 1/2, Bioline 3.0 Kit, (no accessories), 30 Tests","HIV 1/2, Bioline 3.0 Kit (no accessories)",Bioline,,Test kit,30,9720,233280.0,24.0,0.8,"Standard Diagnostics, Korea",Yes,3240,36096.76,457.23
73089,105-GY-T30,FPQ-10249,SCMS-153870,ASN-17103,Guyana,PMO - US,Direct Drop,EXW,Air,7/5/12,7/26/12,21-Nov-12,21-Nov-12,21-Nov-12,HRDT,HIV test,"CHEMBIO DIAGNOSTIC SYSTEMS, INC.","HIV 1/2, Stat-Pak HIV, Kit, 20 Tests","HIV 1/2, Stat-Pak HIV, Kit",Stat-Pak,,Test kit,20,6,174.0,29.0,1.45,Chembio Diagnostics Sys. Inc.,Yes,2,297,0.24
85008,110-ZM-T30,FPQ-14162,SO-48680,DN-4082,Zambia,PMO - US,From RDC,N/A - From RDC,Truck,4/24/14,N/A - From RDC,30-Jan-15,19-Feb-15,20-Feb-15,ARV,Adult,SCMS from RDC,"Lamivudine/Zidovudine 150/300mg, tablets, 60 Tabs",Lamivudine/Zidovudine,Generic,150/300mg,Tablet - FDC,60,132000,871200.0,6.6,0.11,Mylan (formerly Matrix) Nashik,Yes,10615,22520.71,895.59
58508,108-VN-T30,FPQ-8428,SCMS-123530,ASN-14319,Vietnam,PMO - US,Direct Drop,EXW,Air,9/21/11,10/3/11,24-Apr-12,24-Apr-12,24-Apr-12,ARV,Adult,MYLAN LABORATORIES LTD (FORMERLY MATRIX LABORATORIES),"Tenofovir Disoproxil Fumarate 300mg, tablets, 30 Tabs",Tenofovir Disoproxil Fumarate,Generic,300mg,Tablet,30,16354,89947.0,5.5,0.18,Mylan (formerly Matrix) Nashik,No,See ASN-14319 (ID#:19512),See ASN-14319 (ID#:19512),148.41
86750,104-CI-T30,FPQ-13628,SO-47882,DN-4016,Côte d'Ivoire,PMO - US,From RDC,N/A - From RDC,Truck,1/29/14,N/A - From RDC,28-Nov-14,2-Dec-14,8-Dec-14,ARV,Adult,SCMS from RDC,"Efavirenz 600mg, tablets, 30 Tabs",Efavirenz,Generic,600mg,Tablet,30,32400,107892.0,3.33,0.11,"Strides, Bangalore, India.",No,See DN-4016 (ID#:84996),See DN-4016 (ID#:84996),110.91
32865,101-CD-T30,FPQ-14654,SCMS-253270,ASN-28379,"Congo, DRC",PMO - US,Direct Drop,EXW,Air,8/11/14,8/27/14,31-Dec-14,31-Dec-14,31-Dec-14,HRDT,HIV test,"Orgenics, Ltd","HIV 1/2, Determine Complete HIV Kit, 100 Tests","HIV 1/2, Determine Complete HIV Kit",Determine,,Test kit,100,5359,428720.0,80.0,0.8,"Alere Medical Co., Ltd.",Yes,2131,62196.13,440.72
19405,109-TZ-T30,FPQ-12197,SCMS-189360,ASN-21234,Tanzania,PMO - US,Direct Drop,EXW,Air,4/30/13,5/29/13,17-Sep-13,16-Sep-13,16-Sep-13,HRDT,HIV test,"Standard Diagnostics, Inc.","HIV 1/2, Determine Complete HIV Kit, 100 Tests","HIV 1/2, Determine Complete HIV Kit",Determine,,Test kit,100,3039,0.0,0.0,0.0,"Alere Medical Co., Ltd.",Yes,1257,21351.18,0.0
83145,114-UG-T30,FPQ-11133,SO-43900,DN-3214,Uganda,PMO - US,From RDC,N/A - From RDC,Truck,12/13/12,N/A - From RDC,30-Jul-13,9-Aug-13,9-Aug-13,ARV,Adult,SCMS from RDC,"Lamivudine/Tenofovir Disoproxil Fumarate 300/300mg, tablets, 30 Tabs",Lamivudine/Tenofovir Disoproxil Fumarate,Generic,300/300mg,Tablet - FDC,30,26112,122726.4,4.7,0.16,"Aurobindo Unit VII, IN",Yes,2444,8800.81,151.81
80918,116-ZA-T30,FPQ-3560,SCMS-49642,ASN-5244,South Africa,PMO - US,Direct Drop,DDP,Truck,5/7/09,7/21/09,19-Nov-09,19-Nov-09,19-Nov-09,ARV,Adult,S. BUYS WHOLESALER,"Didanosine EC 400mg [Videx EC], delayed-release capsules, Blister 3 x 10 Caps",Didanosine EC,Videx EC,400mg,Delayed-release capsules - blister,30,190,1581.34,8.32,0.28,"BMS Meymac, France",No,Weight Captured Separately,Freight Included in Commodity Cost,3.1
11315,151-NG-T01,Pre-PQ Process,SO-22528,DN-1210,Nigeria,PMO - US,From RDC,N/A - From RDC,Air,Pre-PQ Process,N/A - From RDC,14-May-09,14-May-09,14-May-09,ARV,Adult,SCMS from RDC,"Lamivudine/Nevirapine/Zidovudine 150/200/300mg, tablets, 60 Tabs",Lamivudine/Nevirapine/Zidovudine,Generic,150/300/200mg,Tablet - FDC,60,16698,190357.2,11.4,0.19,"Aurobindo Unit III, India",Yes,1901,18638.84,373.1
83368,154-NG-T30,FPQ-3815,SO-32270,DN-1311,Nigeria,PMO - US,From RDC,N/A - From RDC,Air Charter,5/26/09,N/A - From RDC,30-Jul-09,4-Aug-09,4-Aug-09,ARV,Pediatric,SCMS from RDC,"Efavirenz 200mg, capsule, 90 Caps",Efavirenz,Generic,200mg,Capsule,90,16,203.68,12.73,0.14,"Aurobindo Unit III, India",No,See DN-1311 (ID#:82837),See DN-1311 (ID#:82837),0.4
70138,116-ZA-T30,FPQ-13973,SCMS-238553,ASN-28021,South Africa,PMO - US,Direct Drop,DDP,Truck,4/30/14,8/28/14,28-Aug-14,28-Aug-14,28-Aug-14,ARV,Adult,PHARMACY DIRECT,"Efavirenz 600mg, tablets, 30 Tabs",Efavirenz,Generic,600mg,Tablet,30,120,1871.52,15.6,0.52,"Aurobindo Unit III, India",No,Weight Captured Separately,Freight Included in Commodity Cost,1.92
83059,103-CD-T30,FPQ-10187,SO-42770,DN-2758,"Congo, DRC",PMO - US,From RDC,N/A - From RDC,Air,6/26/12,N/A - From RDC,30-Nov-12,30-Nov-12,30-Nov-12,HRDT,HIV test,SCMS from RDC,"HIV 1/2, Determine Complete HIV Kit, 100 Tests","HIV 1/2, Determine Complete HIV Kit",Determine,,Test kit,100,725,58000.0,80.0,0.8,"Alere Medical Co., Ltd.",Yes,225,1482.7,81.32
83678,103-SS-T30,FPQ-11489,SO-44630,DN-3125,South Sudan,PMO - US,From RDC,N/A - From RDC,Air,1/16/13,N/A - From RDC,30-Apr-13,24-Apr-13,24-Apr-13,ARV,Adult,SCMS from RDC,"Lamivudine/Nevirapine/Zidovudine 150/200/300mg, tablets, 60 Tabs",Lamivudine/Nevirapine/Zidovudine,Generic,150/300/200mg,Tablet - FDC,60,3746,32140.68,8.58,0.14,Hetero Unit III Hyderabad IN,No,See DN-3125 (ID#:82571),See DN-3125 (ID#:82571),39.76
81293,102-KE-T30,FPQ-4250,SCMS-55900,ASN-5689,Kenya,PMO - US,Direct Drop,EXW,Air,9/16/09,10/23/09,7-Jan-10,7-Jan-10,7-Jan-10,HRDT,HIV test,"Standard Diagnostics, Inc.","HIV 1/2, Bioline 3.0 Kit, Lancets, Capillary pipets, Alcohol swabs included, 25 Tests","HIV 1/2, Bioline 3.0 Kit, Lancets, Capillary pipets, Alcohol swabs included",Bioline,,Test kit,25,8525,170500.0,20.0,0.8,"Standard Diagnostics, Korea",Yes,2842,21825.6,334.18
29938,105-GH-T30,FPQ-13872,SCMS-235800,ASN-26464,Ghana,PMO - US,Direct Drop,EXW,Air,3/24/14,4/23/14,17-Jul-14,24-Jul-14,31-Jul-14,ARV,Adult,STRIDES ARCOLAB LIMITED,"Efavirenz 600mg, tablets, 30 Tabs",Efavirenz,Generic,600mg,Tablet,30,60000,191400.0,3.19,0.11,"Strides, Bangalore, India.",Yes,3862,31401.36,196.76
82369,114-UG-T30,FPQ-6614,SO-37990,DN-2077,Uganda,PMO - US,From RDC,N/A - From RDC,Air,10/31/10,N/A - From RDC,8-Feb-11,23-Dec-10,23-Dec-10,ARV,Adult,SCMS from RDC,"Lamivudine/Zidovudine 150/300mg, tablets, 60 Tabs",Lamivudine/Zidovudine,Generic,150/300mg,Tablet - FDC,60,2316,19801.8,8.55,0.14,Hetero Unit III Hyderabad IN,Yes,386,2294.85,32.67
5051,116-ZA-T01,Pre-PQ Process,SCMS-41190,ASN-3732,South Africa,PMO - US,Direct Drop,DDP,Air,Pre-PQ Process,Date Not Captured,30-Mar-09,21-Jan-09,21-Jan-09,ARV,Pediatric,S. BUYS WHOLESALER,"Efavirenz 50mg [Stocrin/Sustiva], capsule, 30 Caps",Efavirenz,Stocrin/Sustiva,50mg,Capsule,30,80,188.8,2.36,0.08,"MSD Midrand, J'burg, SA",No,Weight Captured Separately,Freight Included in Commodity Cost,0.37
83093,104-CI-T30,FPQ-9749,SO-42372,DN-2932,Côte d'Ivoire,PMO - US,From RDC,N/A - From RDC,Truck,4/19/12,N/A - From RDC,15-Dec-12,26-Nov-12,26-Nov-12,ARV,Adult,SCMS from RDC,"Lopinavir/Ritonavir 200/50mg, tablets, 120 Tabs",Lopinavir/Ritonavir,Generic,200/50mg,Tablet,120,17600,469920.0,26.7,0.22,Mylan (formerly Matrix) Nashik,No,See DN-2932 (ID#:83091),See DN-2932 (ID#:83091),658.83
65478,104-CI-T30,FPQ-13125,SCMS-215030,ASN-24094,Côte d'Ivoire,PMO - US,Direct Drop,EXW,Air,10/25/13,11/21/13,11-Feb-14,11-Feb-14,11-Feb-14,HRDT,HIV test,"Standard Diagnostics, Inc.","HIV 1/2, Bioline 3.0 Kit, Lancets, Capillary pipets, Alcohol swabs included, 25 Tests","HIV 1/2, Bioline 3.0 Kit, Lancets, Capillary pipets, Alcohol swabs included",Bioline,,Test kit,25,3700,75850.0,20.5,0.82,"Standard Diagnostics, Korea",Yes,1281,13222.33,77.97
63186,107-RW-T30,FPQ-3859,SCMS-48810,ASN-5182,Rwanda,PMO - US,Direct Drop,CIP,Air,6/30/09,7/16/09,19-Oct-09,19-Oct-09,19-Oct-09,ARV,Adult,Aurobindo Pharma Limited,"Abacavir 300mg, tablets, 60 Tabs",Abacavir,Generic,300mg,Tablet,60,427,8253.91,19.33,0.32,"Aurobindo Unit III, India",Yes,62,1060.35,16.18
83057,900-UG-T30,FPQ-10048,SO-42600,DN-2746,Uganda,PMO - US,From RDC,N/A - From RDC,Air,6/6/12,N/A - From RDC,7-Aug-12,7-Aug-12,7-Aug-12,ARV,Adult,SCMS from RDC,"Efavirenz 600mg, tablets, 30 Tabs",Efavirenz,Generic,600mg,Tablet,30,23000,89930.0,3.91,0.13,"Strides, Bangalore, India.",Yes,1403,9800,126.08
67077,108-VN-T30,FPQ-4843,SCMS-64410,ASN-6469,Vietnam,PMO - US,Direct Drop,CIP,Air,1/28/10,2/2/10,8-Apr-10,8-Apr-10,8-Apr-10,ARV,Pediatric,BRISTOL-MYERS SQUIBB,"Didanosine 25mg [Videx], chewable tablets, 60 Tabs",Didanosine,Videx,25mg,Chewable/dispersible tablet,60,520,3640.0,7.0,0.12,"BMS Meymac, France",Yes,104,2658.09,7.85
25566,116-ZA-T30,FPQ-14942,SCMS-259071,ASN-29597,South Africa,PMO - US,Direct Drop,DDP,Truck,9/11/14,11/28/14,28-Nov-14,28-Nov-14,28-Nov-14,ARV,Adult,PHARMACY DIRECT,"Efavirenz 600mg, tablets, 30 Tabs",Efavirenz,Generic,600mg,Tablet,30,132,1487.53,11.27,0.38,"Aurobindo Unit III, India",No,Weight Captured Separately,Freight Included in Commodity Cost,1.53
44597,101-CD-T30,FPQ-16001,SCMS-280210,ASN-31750,"Congo, DRC",PMO - US,Direct Drop,EXW,Air,3/10/15,3/16/15,2-Jul-15,2-Jul-15,30-Jul-15,HRDT,HIV test,"Trinity Biotech, Plc","HIV 1/2, Uni-Gold HIV Kit, 20 Tests","HIV 1/2, Uni-Gold HIV Kit",Uni-Gold,,Test kit,20,39,1248.0,32.0,1.6,"Trinity Biotech, Plc",No,See ASN-31750 (ID#:19272),See ASN-31750 (ID#:19272),1.47
83466,114-UG-T30,FPQ-6427,SO-37550,DN-2055,Uganda,PMO - US,From RDC,N/A - From RDC,Truck,9/29/10,N/A - From RDC,2-Dec-10,2-Dec-10,2-Dec-10,ARV,Adult,SCMS from RDC,"Efavirenz 600mg, tablets, 30 Tabs",Efavirenz,Generic,600mg,Tablet,30,99404,449306.08,4.52,0.15,"Emcure Plot No.P-2, I.T-B.T. Park, Phase II, MIDC, Hinjwadi, Pune, India",Yes,6960,29545.05,968.7
55188,109-TZ-T30,FPQ-8071,SCMS-116830,ASN-13082,Tanzania,PMO - US,Direct Drop,EXW,Air,7/22/11,7/28/11,9-Feb-12,9-Feb-12,9-Feb-12,HRDT,HIV test,"Trinity Biotech, Plc","HIV 1/2, Uni-Gold HIV Kit, 20 Tests","HIV 1/2, Uni-Gold HIV Kit",Uni-Gold,,Test kit,20,450,14400.0,32.0,1.6,"Trinity Biotech, Plc",Yes,148,1938.15,23.76
11061,110-ZM-T01,Pre-PQ Process,SO-30311,DN-1319,Zambia,PMO - US,From RDC,N/A - From RDC,Truck,Date Not Captured,N/A - From RDC,4-Sep-09,4-Sep-09,4-Sep-09,ARV,Adult,SCMS from RDC,"Efavirenz 600mg, tablets, 30 Tabs",Efavirenz,Generic,600mg,Tablet,30,37059,407649.0,11.0,0.37,Hetero Unit III Hyderabad IN,Yes,2876,4506.18,798.99
12667,104-CI-T01,Pre-PQ Process,SO-524,DN-268,Côte d'Ivoire,PMO - US,From RDC,N/A - From RDC,,Pre-PQ Process,N/A - From RDC,14-Aug-07,14-Aug-07,14-Aug-07,ARV,Pediatric,SCMS from RDC,"Zidovudine 10mg/ml, oral solution, Bottle, 240 ml",Zidovudine,Generic,10mg/ml,Oral solution,240,5076,20050.2,3.95,0.02,"Aurobindo Unit III, India",No,See DN-268 (ID#:12074),See DN-268 (ID#:12074),32.08
86657,101-CD-T30,FPQ-13554,SO-47630,DN-3561,"Congo, DRC",PMO - US,From RDC,N/A - From RDC,Air,1/15/14,N/A - From RDC,30-May-14,19-May-14,26-Jun-14,ARV,Adult,SCMS from RDC,"Efavirenz 600mg, tablets, 30 Tabs",Efavirenz,Generic,600mg,Tablet,30,2827,9413.91,3.33,0.11,"Strides, Bangalore, India.",No,See DN-3561 (ID#:82654),See DN-3561 (ID#:82654),9.68
15,108-VN-T01,Pre-PQ Process,SCMS-78,ASN-50,Vietnam,PMO - US,Direct Drop,EXW,Air,Pre-PQ Process,Date Not Captured,1-Sep-06,1-Sep-06,1-Sep-06,ARV,Adult,SUN PHARMACEUTICAL INDUSTRIES LTD (RANBAXY LABORATORIES LIMITED),"Lamivudine 150mg, tablets, 60 Tabs",Lamivudine,Generic,150mg,Tablet,60,31920,127360.8,3.99,0.07,"Ranbaxy, Paonta Shahib, India",Yes,1855,16007.06,
49014,127-KE-T30,FPQ-7907,SCMS-115320,ASN-12098,Kenya,PMO - US,Direct Drop,EXW,Air,6/23/11,7/20/11,30-Sep-11,30-Sep-11,30-Sep-11,HRDT,HIV test,"Orgenics, Ltd","HIV 1/2, Determine Complete HIV Kit, 100 Tests","HIV 1/2, Determine Complete HIV Kit",Determine,,Test kit,100,8276,736564.0,89.0,0.89,Inverness Japan,Yes,2050,23226.6,1215.33
39547,104-CI-T30,FPQ-5209,SCMS-75380,ASN-7632,Côte d'Ivoire,PMO - US,Direct Drop,EXW,Air,2/25/10,6/7/10,3-Aug-10,3-Aug-10,3-Aug-10,HRDT,HIV test,"Orgenics, Ltd","HIV 1/2, Determine HIV Kit, without Lancets, 100 Tests","HIV 1/2, Determine HIV Kit, without Lancets",Determine,,Test kit,100,3000,233100.0,77.7,0.78,Inverness Japan,Yes,679,11163.49,502.56
84905,103-SS-T30,FPQ-13173,SO-47100,DN-3581,South Sudan,PMO - US,From RDC,N/A - From RDC,Air,10/28/13,N/A - From RDC,31-Mar-14,21-Mar-14,26-Mar-14,ARV,Adult,SCMS from RDC,"Lamivudine/Zidovudine 150/300mg, tablets, 60 Tabs",Lamivudine/Zidovudine,Generic,150/300mg,Tablet - FDC,60,1702,11454.46,6.73,0.11,"Cipla, Goa, India",No,See DN-3581 (ID#:83219),See DN-3581 (ID#:83219),11.78
12794,113-ZW-T01,Pre-PQ Process,SO-1052,DN-838,Zimbabwe,PMO - US,From RDC,N/A - From RDC,Truck,Pre-PQ Process,N/A - From RDC,26-Jul-08,26-Jul-08,26-Jul-08,HRDT,HIV test,SCMS from RDC,"HIV 1/2, Bioline 3.0 Kit, Lancets, Capillary pipets, Alcohol swabs included, 25 Tests","HIV 1/2, Bioline 3.0 Kit, Lancets, Capillary pipets, Alcohol swabs included",Bioline,,Test kit,25,4342,86840.0,20.0,0.8,"Standard Diagnostics, Korea",No,See DN-838 (ID#:10718),See DN-838 (ID#:10718),138.94
43286,106-HT-T30,FPQ-9635,SCMS-148440,ASN-15571,Haiti,PMO - US,Direct Drop,EXW,Ocean,5/14/12,6/28/12,22-Oct-12,22-Oct-12,22-Oct-12,ARV,Adult,MYLAN LABORATORIES LTD (FORMERLY MATRIX LABORATORIES),"Efavirenz/Lamivudine/Tenofovir Disoproxil Fumarate 600/300/300mg, tablets, 30 Tabs",Efavirenz/Lamivudine/Tenofovir Disoproxil Fumarate,Generic,600/300/300mg,Tablet - FDC,30,33480,435240.0,13.0,0.43,Mylan (formerly Matrix) Nashik,No,See ASN-15571 (ID#:21091),See ASN-15571 (ID#:21091),610.21
49837,107-RW-T30,FPQ-8365,SCMS-126450,ASN-13722,Rwanda,PMO - US,Direct Drop,FCA,Air,10/26/11,11/11/11,27-Feb-12,27-Feb-12,27-Feb-12,ARV,Adult,ABBVIE LOGISTICS (FORMERLY ABBOTT LOGISTICS BV),"Ritonavir 100mg [Norvir], film coated tablets, 60 Tabs",Ritonavir,Norvir,100mg,Tablet,60,110,753.5,6.85,0.11,ABBVIE Ludwigshafen Germany,Yes,43,1046.02,1.24
9952,104-CI-T01,Pre-PQ Process,SCMS-29340,ASN-2921,Côte d'Ivoire,PMO - US,Direct Drop,EXW,Air,Pre-PQ Process,9/3/08,23-Jan-09,23-Jan-09,23-Jan-09,ACT,ACT,IDA FOUNDATION,"Artesunate+Amodiaquine 50+153mg, tablets, co-blister 12+12 Tabs",Artesunate+Amodiaquine,Generic,50+153mg,Tablet - FDC + co-blister,24,20000,14000.0,0.7,0.03,Ipca Dadra/Nagar Haveli IN,No,See ASN-2921 (ID#:719),See ASN-2921 (ID#:719),27.44
83396,104-CI-T30,FPQ-4187,SO-33541,DN-1619,Côte d'Ivoire,PMO - US,From RDC,N/A - From RDC,Air,9/9/09,N/A - From RDC,8-Feb-10,23-Jan-10,23-Jan-10,ARV,Pediatric,SCMS from RDC,"Zidovudine 10mg/ml, oral solution, Bottle, 240 ml",Zidovudine,Generic,10mg/ml,Oral solution,240,2691,5651.1,2.1,0.01,"Aurobindo Unit III, India",Yes,1021,5254.1,11.08
4650,111-MZ-T01,Pre-PQ Process,SCMS-28730,ASN-2658,Mozambique,PMO - US,Direct Drop,EXW,Air,Pre-PQ Process,8/26/08,1-Nov-08,1-Nov-08,1-Nov-08,HRDT,HIV test - Ancillary,"Orgenics, Ltd","HIV, Lancet, Safety, for HIV Test kits, 100 Pcs","HIV, Lancet, Safety, for HIV Test kits, 100 Pcs",Generic,,Test kit - Ancillary,100,7690,76.9,0.01,0.0,Inverness Japan,Yes,2278,23743.01,0.15
3313,110-ZM-T01,Pre-PQ Process,SCMS-27790,ASN-2641,Zambia,PMO - US,Direct Drop,EXW,Air,Pre-PQ Process,7/31/08,20-Oct-08,20-Oct-08,20-Oct-08,HRDT,HIV test - Ancillary,"Orgenics, Ltd","HIV, Lancet, Safety, for HIV Test kits, 100 Pcs","HIV, Lancet, Safety, for HIV Test kits, 100 Pcs",Generic,,Test kit - Ancillary,100,4500,45.0,0.01,0.0,Inverness Japan,No,See ASN-2641 (ID#:670),See ASN-2641 (ID#:670),0.09
12059,111-MZ-T01,Pre-PQ Process,SO-379,DN-183,Mozambique,PMO - US,From RDC,N/A - From RDC,Air,Pre-PQ Process,N/A - From RDC,4-Jul-07,4-Jul-07,4-Jul-07,ARV,Adult,SCMS from RDC,"Abacavir/Lamivudine/Zidovudine 300/150/300mg [Trizivir], tablets, 60 Tabs",Abacavir/Lamivudine/Zidovudine,Trizivir,300/150/300mg,Tablet - FDC,60,1019,71330.0,70.0,1.17,GSK Ware (UK),Yes,138,439.17,
15011,107-RW-T30,FPQ-6186,SCMS-83350,ASN-9219,Rwanda,PMO - US,Direct Drop,CIP,Air,8/13/10,9/28/10,12-Dec-10,12-Dec-10,12-Dec-10,ARV,Adult,MYLAN LABORATORIES LTD (FORMERLY MATRIX LABORATORIES),"Efavirenz/Lamivudine/Tenofovir Disoproxil Fumarate 600/300/300mg, tablets, 30 Tabs",Efavirenz/Lamivudine/Tenofovir Disoproxil Fumarate,Generic,600/300/300mg,Tablet - FDC,30,9653,168734.44,17.48,0.58,Mylan (formerly Matrix) Nashik,Yes,Weight Captured Separately,Freight Included in Commodity Cost,363.79
176,102-NG-T01,Pre-PQ Process,SCMS-11750,ASN-745,Nigeria,PMO - US,Direct Drop,EXW,Air,Pre-PQ Process,8/28/07,3-Oct-07,3-Oct-07,3-Oct-07,HRDT,HIV test,"CHEMBIO DIAGNOSTIC SYSTEMS, INC.","HIV 1/2, Stat-Pak HIV, Kit, 20 Tests","HIV 1/2, Stat-Pak HIV, Kit",Stat-Pak,,Test kit,20,10000,270000.0,27.0,1.35,Chembio Diagnostics Sys. Inc.,Yes,3263,20885.78,432.0
83493,114-UG-T30,FPQ-6427,SO-38760,DN-2144,Uganda,PMO - US,From RDC,N/A - From RDC,Truck,9/29/10,N/A - From RDC,31-Mar-11,1-Apr-11,1-Apr-11,ARV,Adult,SCMS from RDC,"Lamivudine/Zidovudine 150/300mg, tablets, 60 Tabs",Lamivudine/Zidovudine,Generic,150/300mg,Tablet - FDC,60,30107,248683.82,8.26,0.14,"Aurobindo Unit III, India",Yes,2875,23675.63,536.16
84195,109-TZ-T30,FPQ-9774,SO-42650,DN-2883,Tanzania,PMO - US,From RDC,N/A - From RDC,Truck,5/2/12,N/A - From RDC,30-Nov-12,31-Oct-12,31-Oct-12,ARV,Pediatric,SCMS from RDC,"Lamivudine/Nevirapine/Stavudine 60/100/12mg, dispersible tablets, 60 Tabs",Lamivudine/Nevirapine/Stavudine,Generic,60/100/12mg,Chewable/dispersible tablet - FDC,60,13499,58045.7,4.3,0.07,"Cipla, Goa, India",No,See DN-2883 (ID#:83630),See DN-2883 (ID#:83630),81.38
82601,109-TZ-T30,FPQ-12015,SO-44993,DN-3300,Tanzania,PMO - US,From RDC,N/A - From RDC,Truck,4/2/13,N/A - From RDC,25-Oct-13,1-Oct-13,9-Oct-13,ARV,Adult,SCMS from RDC,"Efavirenz/Emtricitabine/Tenofovir Disoproxil Fumarate 600/200/300mg, tablets, 30 Tabs",Efavirenz/Emtricitabine/Tenofovir Disoproxil Fumarate,Generic,600/200/300mg,Tablet - FDC,30,12567,154574.1,12.3,0.41,"Aurobindo Unit VII, IN",Yes,1482,5474,191.21
11531,110-ZM-T01,Pre-PQ Process,SO-1895,DN-824,Zambia,PMO - US,From RDC,N/A - From RDC,Truck,Pre-PQ Process,N/A - From RDC,23-Jul-08,23-Jul-08,23-Jul-08,ARV,Adult,SCMS from RDC,"Efavirenz 600mg, tablets, 30 Tabs",Efavirenz,Generic,600mg,Tablet,30,45000,540450.0,12.01,0.4,Mylan (formerly Matrix) Nashik,Yes,3457,1934.31,864.72
31116,108-VN-T30,FPQ-6818,SCMS-97853,ASN-11408,Vietnam,PMO - US,Direct Drop,EXW,Air,1/17/11,2/15/11,27-Jul-11,27-Jul-11,27-Jul-11,ARV,Adult,MYLAN LABORATORIES LTD (FORMERLY MATRIX LABORATORIES),"Lamivudine/Nevirapine/Zidovudine 150/200/300mg, tablets, 60 Tabs",Lamivudine/Nevirapine/Zidovudine,Generic,150/300/200mg,Tablet - FDC,60,18406,202466.0,11.0,0.18,Mylan (formerly Matrix) Nashik,Yes,2571,13880.57,334.07
57218,108-VN-T30,FPQ-4265,SCMS-57130,ASN-6266,Vietnam,PMO - US,Direct Drop,EXW,Air,10/20/09,11/13/09,19-Mar-10,19-Mar-10,19-Mar-10,ARV,Adult,Aurobindo Pharma Limited,"Lamivudine/Zidovudine 150/300mg, tablets, 60 Tabs",Lamivudine/Zidovudine,Generic,150/300mg,Tablet - FDC,60,15204,130906.44,8.61,0.14,"Aurobindo Unit III, India",No,See ASN-6266 (ID#:15368),See ASN-6266 (ID#:15368),256.58
3282,116-ZA-T01,Pre-PQ Process,SCMS-26820,ASN-2488,South Africa,PMO - US,Direct Drop,DDP,Truck,Pre-PQ Process,Date Not Captured,10-Jul-08,8-Jul-08,8-Jul-08,ARV,Adult,S. BUYS WHOLESALER,"Efavirenz 600mg, tablets, 30 Tabs",Efavirenz,Generic,600mg,Tablet,30,1000,16190.0,16.19,0.54,"Cipla, Goa, India",No,Weight Captured Separately,Freight Included in Commodity Cost,25.9
22726,153-NA-T30,FPQ-8072,SCMS-117210,ASN-12115,Namibia,PMO - US,Direct Drop,EXW,Air,7/22/11,8/3/11,20-Sep-11,20-Sep-11,20-Sep-11,HRDT,HIV test,"Orgenics, Ltd","HIV 1/2, Determine HIV Kit, without Lancets, 100 Tests","HIV 1/2, Determine HIV Kit, without Lancets",Determine,,Test kit,100,150,11655.0,77.7,0.78,Inverness Japan,Yes,36,859.18,19.23
84980,110-ZM-T30,FPQ-13221,SO-47207,DN-3941,Zambia,PMO - US,From RDC,N/A - From RDC,Truck,10/31/13,N/A - From RDC,30-Sep-14,2-Oct-14,22-Oct-14,ARV,Adult,SCMS from RDC,"Lamivudine/Tenofovir Disoproxil Fumarate 300/300mg, tablets, 30 Tabs",Lamivudine/Tenofovir Disoproxil Fumarate,Generic,300/300mg,Tablet - FDC,30,11536,54219.2,4.7,0.16,Ranbaxy per Shasun Pharma,Yes,1046,1157.78,55.74
60109,103-ZW-T30,FPQ-13969,SCMS-239160,ASN-28293,Zimbabwe,PMO - US,Direct Drop,EXW,Air,4/8/14,5/15/14,9-Oct-14,9-Oct-14,13-Oct-14,ARV,Pediatric,ABBVIE LOGISTICS (FORMERLY ABBOTT LOGISTICS BV),"Lopinavir/Ritonavir 80/20mg/ml [Kaletra], oral solution, cool, Bottle 5 x 60 ml",Lopinavir/Ritonavir,Kaletra,80/20mg/ml,Oral solution,300,3794,116931.08,30.82,0.1,ABBVIE (Abbott) Logis. UK,Yes,3287,26515.21,120.21
84752,102-ZW-T30,FPQ-9927,SO-42281,DN-2835,Zimbabwe,PMO - US,From RDC,N/A - From RDC,Truck,5/15/12,N/A - From RDC,25-Sep-12,3-Sep-12,3-Sep-12,ARV,Adult,SCMS from RDC,"Nevirapine 200mg, tablets, 60 Tabs",Nevirapine,Generic,200mg,Tablet,60,60794,147121.48,2.42,0.04,Mylan (formerly Matrix) Nashik,Yes,6003,7423.38,206.26
74385,105-SS-T30,FPQ-12623,SCMS-200921,ASN-22955,South Sudan,PMO - US,Direct Drop,EXW,Air,7/18/13,8/6/13,11-Feb-14,11-Feb-14,11-Feb-14,HRDT,HIV test,"Trinity Biotech, Plc","HIV 1/2, Uni-Gold HIV Kit, 20 Tests","HIV 1/2, Uni-Gold HIV Kit",Uni-Gold,,Test kit,20,35,1120.0,32.0,1.6,"Trinity Biotech, Plc",No,See ASN-22955 (ID#:19019),See ASN-22955 (ID#:19019),1.39
58652,152-HT-T30,FPQ-6823,SCMS-98550,ASN-10063,Haiti,PMO - US,Direct Drop,EXW,Air,12/14/10,2/2/11,6-Apr-11,6-Apr-11,6-Apr-11,HRDT,HIV test,"Orgenics, Ltd","HIV 1/2, Determine HIV Kit, without Lancets, 100 Tests","HIV 1/2, Determine HIV Kit, without Lancets",Determine,,Test kit,100,33,3223.44,97.68,0.98,Inverness Japan,Yes,8,1011.6,5.32
71767,108-VN-T30,FPQ-4720,SCMS-62460,ASN-6355,Vietnam,PMO - US,Direct Drop,EXW,Air,1/4/09,1/12/10,29-Mar-10,29-Mar-10,29-Mar-10,ARV,Adult,MYLAN LABORATORIES LTD (FORMERLY MATRIX LABORATORIES),"Tenofovir Disoproxil Fumarate 300mg, tablets, 30 Tabs",Tenofovir Disoproxil Fumarate,Generic,300mg,Tablet,30,3192,23940.0,7.5,0.25,Mylan (formerly Matrix) Nashik,No,See ASN-6355 (ID#:16828),See ASN-6355 (ID#:16828),51.61
12686,111-MZ-T01,Pre-PQ Process,SO-298,DN-304,Mozambique,PMO - US,From RDC,N/A - From RDC,Air,Pre-PQ Process,N/A - From RDC,21-Sep-07,21-Sep-07,21-Sep-07,ARV,Pediatric,SCMS from RDC,"Abacavir 20mg/ml, oral solution, Bottle, 240 ml",Abacavir,Generic,20mg/ml,Oral solution,240,59,1241.95,21.05,0.09,"Aurobindo Unit III, India",No,See DN-304 (ID#:10589),See DN-304 (ID#:10589),1.99
82364,114-UG-T30,FPQ-6614,SO-38140,DN-2083,Uganda,PMO - US,From RDC,N/A - From RDC,Air,10/31/10,N/A - From RDC,8-Feb-11,17-Jan-11,17-Jan-11,ARV,Adult,SCMS from RDC,"Lamivudine/Nevirapine/Zidovudine 150/200/300mg, tablets, 60 Tabs",Lamivudine/Nevirapine/Zidovudine,Generic,150/300/200mg,Tablet - FDC,60,4176,46854.72,11.22,0.19,"Aurobindo Unit III, India",Yes,567,2768.96,77.31
69754,110-ZM-T30,FPQ-4691,SCMS-60710,ASN-6289,Zambia,PMO - US,Direct Drop,EXW,Air,12/16/09,12/22/09,18-Mar-10,18-Mar-10,18-Mar-10,HRDT,HIV test,"Orgenics, Ltd","HIV 1/2, Determine Complete HIV Kit, 100 Tests","HIV 1/2, Determine Complete HIV Kit",Determine,,Test kit,100,2100,151200.0,72.0,0.72,Inverness Japan,Yes,1016,16061.5,325.99
12820,106-HT-T01,Pre-PQ Process,SO-12140,DN-860,Haiti,PMO - US,From RDC,N/A - From RDC,Air,Pre-PQ Process,N/A - From RDC,11-Aug-08,11-Aug-08,11-Aug-08,ARV,Pediatric,SCMS from RDC,"Stavudine 1mg/ml, powder for oral solution, 200 ml",Stavudine,Generic,1mg/ml,Oral solution,200,1500,2100.0,1.4,0.01,"Aurobindo Unit III, India",Yes,235,3022.74,3.36
67091,101-CD-T30,FPQ-16001,SCMS-280220,ASN-32231,"Congo, DRC",PMO - US,Direct Drop,EXW,Air,3/10/15,3/17/15,23-Jul-15,23-Jul-15,29-Jul-15,HRDT,HIV test,"Orgenics, Ltd","HIV 1/2, Determine Complete HIV Kit, 100 Tests","HIV 1/2, Determine Complete HIV Kit",Determine,,Test kit,100,81,6480.0,80.0,0.8,"Alere Medical Co., Ltd.",No,See ASN-32231 (ID#:13648),See ASN-32231 (ID#:13648),7.63
17135,109-TZ-T30,FPQ-12197,SCMS-189360,ASN-21230,Tanzania,PMO - US,Direct Drop,EXW,Air,4/30/13,5/29/13,17-Sep-13,13-Sep-13,13-Sep-13,HRDT,HIV test,"Standard Diagnostics, Inc.","HIV 1/2, Determine Complete HIV Kit, 100 Tests","HIV 1/2, Determine Complete HIV Kit",Determine,,Test kit,100,3053,0.0,0.0,0.0,"Alere Medical Co., Ltd.",Yes,1265,21384.75,0.0
5295,102-NG-T01,Pre-PQ Process,SCMS-229,ASN-155,Nigeria,PMO - US,Direct Drop,EXW,Air,Pre-PQ Process,Date Not Captured,17-Dec-06,17-Dec-06,17-Dec-06,HRDT,HIV test,Orasure Technologies Inc.,"HIV 1/2, OraQuick Advance HIV Rapid Antibody Kit, 100 Tests","HIV 1/2, OraQuick Advance HIV Rapid Antibody Kit",OraQuick,,Test kit,100,8,3200.0,400.0,4.0,"Pacific Biotech, Thailand",Yes,Weight Captured Separately,Invoiced Separately,
84601,111-MZ-T30,FPQ-6426,SO-37590,DN-2051,Mozambique,PMO - US,From RDC,N/A - From RDC,Truck,9/23/10,N/A - From RDC,20-Dec-10,23-Dec-10,23-Dec-10,ARV,Adult,SCMS from RDC,"Efavirenz 600mg, tablets, 30 Tabs",Efavirenz,Generic,600mg,Tablet,30,30000,130200.0,4.34,0.14,Mylan (formerly Matrix) Nashik,No,See DN-2051 (ID#:82359),See DN-2051 (ID#:82359),280.71
12763,106-HT-T01,Pre-PQ Process,SO-1285,DN-627,Haiti,PMO - US,From RDC,N/A - From RDC,Air,Pre-PQ Process,N/A - From RDC,8-Mar-08,8-Mar-08,8-Mar-08,ARV,Adult,SCMS from RDC,"Zidovudine 300mg, tablets, 60 Tabs",Zidovudine,Generic,300mg,Tablet,60,3000,24450.0,8.15,0.14,"Aurobindo Unit III, India",No,See DN-627 (ID#:10926),See DN-627 (ID#:10926),39.12
46082,117-ET-T30,FPQ-9210,SCMS-134740,ASN-14557,Ethiopia,PMO - US,Direct Drop,EXW,Air,1/18/12,1/23/12,25-Apr-12,25-Apr-12,25-Apr-12,HRDT,HIV test,"Trinity Biotech, Plc","HIV 1/2, Uni-Gold HIV Kit, 20 Tests","HIV 1/2, Uni-Gold HIV Kit",Uni-Gold,,Test kit,20,43,1376.0,32.0,1.6,"Trinity Biotech, Plc",Yes,15,406.68,1.93
86326,104-CI-T30,FPQ-5201,SO-36311,DN-1982,Côte d'Ivoire,PMO - US,From RDC,N/A - From RDC,Air,3/3/10,N/A - From RDC,23-Aug-10,23-Aug-10,23-Aug-10,ARV,Adult,SCMS from RDC,"Emtricitabine/Tenofovir Disoproxil Fumarate 200/300mg [Truvada], tablets, 30 Tabs",Emtricitabine/Tenofovir Disoproxil Fumarate,Truvada,300/200mg,Tablet - FDC,30,4080,107100.0,26.25,0.88,"Aspen-OSD, Port Elizabeth, SA",No,See DN-1982 (ID#:82910),See DN-1982 (ID#:82910),230.91
85724,104-CI-T30,FPQ-5925,SO-37740,DN-2064,Côte d'Ivoire,PMO - US,From RDC,N/A - From RDC,Air,6/23/10,N/A - From RDC,30-Nov-10,9-Dec-10,9-Dec-10,ARV,Adult,SCMS from RDC,"Stavudine 20mg, capsules, 60 Caps",Stavudine,Generic,20mg,Capsule,60,1013,1448.59,1.43,0.02,"Aurobindo Unit III, India",No,See DN-2064 (ID#:83469),See DN-2064 (ID#:83469),3.12
72832,901-CM-T30,FPQ-12837,SCMS-204300,ASN-21709,Cameroon,PMO - US,Direct Drop,EXW,Air,8/19/13,8/23/13,7-Nov-13,30-Oct-13,29-Oct-13,ARV,Adult,Aurobindo Pharma Limited,"Lamivudine/Tenofovir Disoproxil Fumarate 300/300mg, tablets, 30 Tabs",Lamivudine/Tenofovir Disoproxil Fumarate,Generic,300/300mg,Tablet - FDC,30,20993,97617.45,4.65,0.16,"Aurobindo Unit VII, IN",Yes,2100,17568.6,120.75
11574,130-NG-T01,Pre-PQ Process,SO-17690,DN-1012,Nigeria,PMO - US,From RDC,N/A - From RDC,Air,Pre-PQ Process,N/A - From RDC,26-Nov-08,26-Nov-08,26-Nov-08,ARV,Adult,SCMS from RDC,"Lamivudine/Zidovudine 150/300mg, tablets, 60 Tabs",Lamivudine/Zidovudine,Generic,150/300mg,Tablet - FDC,60,2780,25993.0,9.35,0.16,"Aurobindo Unit III, India",Yes,262,2426.8,50.95
11541,114-UG-T01,Pre-PQ Process,SO-1301,DN-480,Uganda,PMO - US,From RDC,N/A - From RDC,Air,Pre-PQ Process,N/A - From RDC,19-Mar-08,19-Mar-08,19-Mar-08,ARV,Adult,SCMS from RDC,"Lamivudine/Stavudine 150/30mg, tablets, 30 Tabs",Lamivudine/Stavudine,Generic,150/30mg,Tablet - FDC,30,300,600.0,2.0,0.07,"Cipla, Goa, India",No,See DN-480 (ID#:10693),See DN-480 (ID#:10693),0.96
85126,151-NG-T30,FPQ-5023,SO-36444,DN-1902,Nigeria,PMO - US,From RDC,N/A - From RDC,Air,2/10/10,N/A - From RDC,15-Jul-10,28-Jun-10,28-Jun-10,ARV,Adult,SCMS from RDC,"Efavirenz 600mg, tablets, 30 Tabs",Efavirenz,Generic,600mg,Tablet,30,5000,23000.0,4.6,0.15,"Aurobindo Unit III, India",Yes,428,Freight Included in Commodity Cost,49.59
68596,108-VN-T30,FPQ-13524,SCMS-226190,ASN-27098,Vietnam,PMO - US,Direct Drop,FCA,Air,2/6/14,3/10/14,18-Aug-14,18-Aug-14,25-Aug-14,ARV,Adult,ABBVIE LOGISTICS (FORMERLY ABBOTT LOGISTICS BV),"Lopinavir/Ritonavir 200/50mg [Aluvia], tablets, 120 Tabs",Lopinavir/Ritonavir,Aluvia,200/50mg,Tablet,120,4800,291936.0,60.82,0.51,ABBVIE Ludwigshafen Germany,Yes,1175,1779.1,300.11
8231,100-HT-T01,Pre-PQ Process,SCMS-15470,ASN-2759,Haiti,PMO - US,Direct Drop,EXW,Air,Pre-PQ Process,1/5/08,11-Nov-08,11-Nov-08,11-Nov-08,HRDT,HIV test,"Trinity Biotech, Plc","HIV 1/2, Capillus HIV Kit, 100 Tests","HIV 1/2, Capillus HIV Kit",Capillus,,Test kit,100,2,278.0,139.0,1.39,"Trinity Biotech, Plc",Yes,4,523.12,0.54
39291,114-UG-T30,FPQ-14407,SCMS-244440,ASN-27804,Uganda,PMO - US,Direct Drop,FCA,Air,6/11/14,6/23/14,23-Sep-14,23-Sep-14,23-Sep-14,ARV,Pediatric,ABBVIE LOGISTICS (FORMERLY ABBOTT LOGISTICS BV),"Lopinavir/Ritonavir 80/20mg/ml [Kaletra], oral solution, cool, Bottle 5 x 60 ml",Lopinavir/Ritonavir,Kaletra,80/20mg/ml,Oral solution,300,75,2311.5,30.82,0.1,ABBVIE (Abbott) Logis. UK,Yes,120,1487.76,2.38
83068,102-CD-T30,FPQ-9906,SO-42340,DN-2812,"Congo, DRC",PMO - US,From RDC,N/A - From RDC,Air,5/15/12,N/A - From RDC,14-Feb-13,14-Feb-13,14-Feb-13,ARV,Adult,SCMS from RDC,"Lamivudine/Zidovudine 150/300mg, tablets, 60 Tabs",Lamivudine/Zidovudine,Generic,150/300mg,Tablet - FDC,60,1224,9449.28,7.72,0.13,Mylan (formerly Matrix) Nashik,Yes,3637,25634.47,13.25
11417,109-TZ-T01,Pre-PQ Process,SO-645,DN-216,Tanzania,PMO - US,From RDC,N/A - From RDC,,Pre-PQ Process,N/A - From RDC,18-Jul-07,18-Jul-07,18-Jul-07,HRDT,HIV test,SCMS from RDC,"HIV 1/2, Bioline 3.0 Kit, Lancets, Capillary pipets, Alcohol swabs included, 25 Tests","HIV 1/2, Bioline 3.0 Kit, Lancets, Capillary pipets, Alcohol swabs included",Bioline,,Test kit,25,6452,129040.0,20.0,0.8,"Standard Diagnostics, Korea",Yes,2334,9343.18,206.46
83637,111-MZ-T30,FPQ-10210,SO-42850,DN-2928,Mozambique,PMO - US,From RDC,N/A - From RDC,Truck,6/28/12,N/A - From RDC,11-Jan-13,11-Jan-13,11-Jan-13,ARV,Adult,SCMS from RDC,"Nevirapine 200mg, tablets, 60 Tabs",Nevirapine,Generic,200mg,Tablet,60,1890,4573.8,2.42,0.04,"Aurobindo Unit III, India",Yes,4145,7433.02,6.41
84334,151-NG-T30,FPQ-11864,SO-44920,DN-3540,Nigeria,PMO - US,From RDC,N/A - From RDC,Air Charter,3/14/13,N/A - From RDC,28-Feb-14,10-Feb-14,19-Feb-14,ARV,Pediatric,SCMS from RDC,"Abacavir/Lamivudine 60/30mg, tablets, 60 Tabs",Abacavir/Lamivudine,Generic,60/30mg,Tablet - FDC,60,2085,8340.0,4.0,0.07,"Aurobindo Unit III, India",Yes,122,30936.1,10.32
86634,109-TZ-T30,FPQ-12587,SO-45998,DN-3505,Tanzania,PMO - US,From RDC,N/A - From RDC,Truck,7/4/13,N/A - From RDC,31-Jan-14,19-Feb-14,24-Feb-14,ARV,Adult,SCMS from RDC,"Lopinavir/Ritonavir 200/50mg, tablets, 120 Tabs",Lopinavir/Ritonavir,Generic,200/50mg,Tablet,120,32753,670781.44,20.48,0.17,Mylan (formerly Matrix) Nashik,No,See DN-3505 (ID#:82627),See DN-3505 (ID#:82627),829.76
7638,109-TZ-T01,Pre-PQ Process,SCMS-38400,ASN-3694,Tanzania,PMO - US,Direct Drop,FCA,Air,Pre-PQ Process,2/5/09,27-May-09,27-May-09,27-May-09,ARV,Adult,ABBVIE LOGISTICS (FORMERLY ABBOTT LOGISTICS BV),"Lopinavir/Ritonavir 200/50mg [Aluvia], tablets, 120 Tabs",Lopinavir/Ritonavir,Aluvia,200/50mg,Tablet,120,12560,516216.0,41.1,0.34,ABBVIE Ludwigshafen Germany,Yes,3073,12815.42,1011.78
81920,106-HT-T30,FPQ-10555,SCMS-158630,ASN-16286,Haiti,PMO - US,Direct Drop,EXW,Air,8/24/12,8/29/12,4-Oct-12,4-Oct-12,4-Oct-12,ARV,Pediatric,Aurobindo Pharma Limited,"Lamivudine 10mg/ml, oral solution w/syringe, Bottle, 240 ml",Lamivudine,Generic,10mg/ml,Oral solution,240,3528,6526.8,1.85,0.01,"Aurobindo Unit III, India",Yes,1296,9230.19,9.15
24473,114-UG-T30,FPQ-9365,SCMS-143500,ASN-15426,Uganda,PMO - US,Direct Drop,DDP,Air,3/15/12,4/17/12,5-Jul-12,5-Jul-12,5-Jul-12,ARV,Adult,ASPEN PHARMACARE,"Etravirine 100mg [Intelence], tablets, 120 Tabs",Etravirine,Intelence,100mg,Tablet,120,144,10800.0,75.0,0.62,"Janssen-Cilag, Latina, IT",Yes,47,449,15.14
12785,110-ZM-T01,Pre-PQ Process,SO-2485,DN-828,Zambia,PMO - US,From RDC,N/A - From RDC,Truck,Pre-PQ Process,N/A - From RDC,29-Jul-08,29-Jul-08,29-Jul-08,ARV,Adult,SCMS from RDC,"Lamivudine/Zidovudine 150/300mg, tablets, 60 Tabs",Lamivudine/Zidovudine,Generic,150/300mg,Tablet - FDC,60,9474,89529.3,9.45,0.16,"Aurobindo Unit III, India",No,See DN-828 (ID#:10678),See DN-828 (ID#:10678),143.25
81132,104-CI-T30,FPQ-11263,SCMS-174540,ASN-18253,Côte d'Ivoire,PMO - US,Direct Drop,FCA,Air,12/14/12,1/24/13,27-Feb-13,27-Feb-13,27-Feb-13,ARV,Pediatric,ABBVIE LOGISTICS (FORMERLY ABBOTT LOGISTICS BV),"Lopinavir/Ritonavir 80/20mg/ml [Kaletra], oral solution, cool, Bottle 5 x 60 ml",Lopinavir/Ritonavir,Kaletra,80/20mg/ml,Oral solution,300,320,9862.4,30.82,0.1,ABBVIE (Abbott) Logis. UK,Yes,326,3852.86,12.2
12195,109-TZ-T01,Pre-PQ Process,SO-1652,DN-637,Tanzania,PMO - US,From RDC,N/A - From RDC,Air,Pre-PQ Process,N/A - From RDC,28-Mar-08,28-Mar-08,28-Mar-08,ARV,Adult,SCMS from RDC,"Efavirenz 600mg, tablets, 30 Tabs",Efavirenz,Generic,600mg,Tablet,30,17000,211140.0,12.42,0.41,"Aurobindo Unit III, India",Yes,6007,20395.6,337.82
83950,154-NG-T30,FPQ-3815,SO-32260,DN-1452,Nigeria,PMO - US,From RDC,N/A - From RDC,Air Charter,5/26/09,N/A - From RDC,30-Oct-09,20-Oct-09,20-Oct-09,ARV,Pediatric,SCMS from RDC,"Efavirenz 200mg, capsule, 90 Caps",Efavirenz,Generic,200mg,Capsule,90,24,290.88,12.12,0.13,"Aurobindo Unit III, India",No,See DN-1452 (ID#:82272),See DN-1452 (ID#:82272),0.57
45202,116-ZA-T30,FPQ-11828,SCMS-183950,ASN-19166,South Africa,South Africa Field Office,Direct Drop,DDP,Truck,3/18/13,Date Not Captured,16-Apr-13,16-Apr-13,16-Apr-13,ARV,Pediatric,S. BUYS WHOLESALER,"Abacavir 20mg/ml [Ziagen], oral solution, Bottle, 240 ml",Abacavir,Ziagen,20mg/ml,Oral solution,240,1021,23275.52,22.8,0.1,GSK Mississauga (Canada),No,Weight Captured Separately,Freight Included in Commodity Cost,28.79
46468,161-ZA-T30,FPQ-7175,SCMS-103910,ASN-11194,South Africa,PMO - US,Direct Drop,DDP,Ocean,3/10/11,3/28/11,6-Sep-11,6-Sep-11,6-Sep-11,ARV,Adult,STRIDES ARCOLAB LIMITED,"Lamivudine 150mg, tablets, 60 Tabs",Lamivudine,Generic,150mg,Tablet,60,515000,1251450.0,2.43,0.04,"Strides, Bangalore, India.",Yes,Weight Captured Separately,Freight Included in Commodity Cost,2064.89
11209,112-NG-T01,Pre-PQ Process,SO-567,DN-475,Nigeria,PMO - US,From RDC,N/A - From RDC,Air,Pre-PQ Process,N/A - From RDC,3-Dec-07,3-Dec-07,3-Dec-07,ARV,Pediatric,SCMS from RDC,"Nevirapine 10mg/ml, oral suspension, Bottle, 240 ml",Nevirapine,Generic,10mg/ml,Oral suspension,240,965,5983.0,6.2,0.03,"Aurobindo Unit III, India",No,See DN-475 (ID#:10642),See DN-475 (ID#:10642),9.57
11942,106-HT-T01,Pre-PQ Process,SO-15950,DN-945,Haiti,PMO - US,From RDC,N/A - From RDC,Air,Pre-PQ Process,N/A - From RDC,27-Oct-08,27-Oct-08,27-Oct-08,ARV,Adult,SCMS from RDC,"Efavirenz 600mg, tablets, 30 Tabs",Efavirenz,Generic,600mg,Tablet,30,2139,23529.0,11.0,0.37,"Aurobindo Unit III, India",No,See DN-945 (ID#:11018),See DN-945 (ID#:11018),37.65
39029,161-ZA-T30,FPQ-6262,SCMS-83770,ASN-10574,South Africa,PMO - US,Direct Drop,DDP,Ocean,8/31/10,9/24/10,26-Apr-11,8-Jun-11,8-Jun-11,ARV,Adult,Aurobindo Pharma Limited,"Efavirenz 600mg, tablets, 30 Tabs",Efavirenz,Generic,600mg,Tablet,30,20060,90871.8,4.53,0.15,"Aurobindo Unit III, India",Yes,1726,35753.93,195.92
9280,110-ZM-T01,Pre-PQ Process,SCMS-163,ASN-123,Zambia,PMO - US,Direct Drop,EXW,Air,Pre-PQ Process,Date Not Captured,20-Dec-06,20-Dec-06,20-Dec-06,ARV,Adult,Aurobindo Pharma Limited,"Lamivudine/Zidovudine 150/300mg, tablets, 60 Tabs",Lamivudine/Zidovudine,Generic,150/300mg,Tablet - FDC,60,38534,423874.0,11.0,0.18,"Aurobindo Unit III, India",No,See ASN-123 (ID#:2685),See ASN-123 (ID#:2685),
83672,109-TZ-T30,FPQ-11393,SO-44381,DN-3101,Tanzania,PMO - US,From RDC,N/A - From RDC,Truck,12/30/12,N/A - From RDC,31-May-13,14-May-13,14-May-13,ARV,Adult,SCMS from RDC,"Lopinavir/Ritonavir 200/50mg, tablets, 120 Tabs",Lopinavir/Ritonavir,Generic,200/50mg,Tablet,120,12837,317844.12,24.76,0.21,"Aurobindo Unit III, India",Yes,4613,3592.8,393.17
3896,116-ZA-T01,Pre-PQ Process,SCMS-47051,ASN-4836,South Africa,PMO - US,Direct Drop,DDP,Truck,Pre-PQ Process,6/5/09,12-Oct-09,28-Jul-09,28-Jul-09,ARV,Adult,S. BUYS WHOLESALER,"Zidovudine 300mg [Retrovir], tablets, 60 Tabs",Zidovudine,Retrovir,300mg,Tablet,60,200,3136.0,15.68,0.26,GSK Ware (UK),No,Weight Captured Separately,Freight Included in Commodity Cost,6.15
69683,109-TZ-T30,FPQ-6936,SCMS-100634,ASN-10903,Tanzania,PMO - US,Direct Drop,EXW,Air,12/27/10,5/2/11,14-Jul-11,14-Jul-11,14-Jul-11,HRDT,HIV test,"Standard Diagnostics, Inc.","HIV 1/2, Bioline 3.0 Kit, Lancets, Capillary pipets, Alcohol swabs included, 25 Tests","HIV 1/2, Bioline 3.0 Kit, Lancets, Capillary pipets, Alcohol swabs included",Bioline,,Test kit,25,10000,200000.0,20.0,0.8,"Standard Diagnostics, Korea",Yes,3334,23623.43,330.0
64615,114-UG-T30,FPQ-13600,SCMS-225720,ASN-27379,Uganda,PMO - US,Direct Drop,FCA,Air,1/28/14,2/4/14,26-Aug-14,26-Aug-14,26-Aug-14,ARV,Adult,ABBVIE LOGISTICS (FORMERLY ABBOTT LOGISTICS BV),"Ritonavir 100mg [Norvir], film coated tablets, 60 Tabs",Ritonavir,Norvir,100mg,Tablet,60,579,3966.15,6.85,0.11,ABBVIE Ludwigshafen Germany,Yes,103,1393.29,4.08
83283,111-MZ-T30,FPQ-14226,SO-48885,DN-3957,Mozambique,PMO - US,From RDC,N/A - From RDC,Truck,5/2/14,N/A - From RDC,31-Dec-14,1-Dec-14,1-Dec-14,ARV,Adult,SCMS from RDC,"Efavirenz/Lamivudine/Tenofovir Disoproxil Fumarate 600/300/300mg, tablets, 30 Tabs",Efavirenz/Lamivudine/Tenofovir Disoproxil Fumarate,Generic,600/300/300mg,Tablet - FDC,30,460041,4959241.98,10.78,0.36,Mylan (formerly Matrix) Nashik,Yes,56314,53110.46,5098.1
52945,106-HT-T30,FPQ-11442,SCMS-177161,ASN-19232,Haiti,PMO - US,Direct Drop,EXW,Ocean,1/30/13,3/7/13,25-Jul-13,25-Jul-13,25-Jul-13,ARV,Adult,HETERO LABS LIMITED,"Lamivudine/Nevirapine/Zidovudine 150/200/300mg, tablets, 60 Tabs",Lamivudine/Nevirapine/Zidovudine,Generic,150/300/200mg,Tablet - FDC,60,30096,247088.16,8.21,0.14,Hetero Unit III Hyderabad IN,Yes,4278,7567.99,305.65
2721,110-ZM-T01,Pre-PQ Process,SCMS-416,ASN-465,Zambia,PMO - US,Direct Drop,CIP,Air,Pre-PQ Process,3/8/07,6-Jun-07,6-Jun-07,6-Jun-07,ARV,Pediatric,BRISTOL-MYERS SQUIBB,"Didanosine 100mg [Videx],chewable tablets, 60 Tabs",Didanosine,Videx,100mg,Chewable/dispersible tablet,60,5408,68952.0,12.75,0.21,"BMS Meymac, France",Yes,1072,Freight Included in Commodity Cost,
11899,106-HT-T01,Pre-PQ Process,SO-2055,DN-690,Haiti,PMO - US,From RDC,N/A - From RDC,Air,Pre-PQ Process,N/A - From RDC,14-Apr-08,14-Apr-08,14-Apr-08,ARV,Pediatric,SCMS from RDC,"Lamivudine 10mg/ml, oral solution, Bottle, 240 ml",Lamivudine,Generic,10mg/ml,Oral solution,240,2135,4205.95,1.97,0.01,"Aurobindo Unit III, India",No,See DN-690 (ID#:10706),See DN-690 (ID#:10706),6.73
75043,107-RW-T30,FPQ-14813,SCMS-268600,ASN-31454,Rwanda,PMO - US,Direct Drop,FCA,Air,10/9/14,12/12/14,27-Apr-15,27-Apr-15,27-Apr-15,ARV,Pediatric,SWORDS LABORATORIES,"Atazanavir 150mg [Reyataz], capsules, 60 Caps",Atazanavir,Reyataz,150mg,Capsule,60,132,4468.2,33.85,0.56,"BMS Evansville, US",Yes,11,663.77,4.59
10647,100-ZW-T01,Pre-PQ Process,SO-708,DN-479,Zimbabwe,PMO - US,From RDC,N/A - From RDC,Air,Pre-PQ Process,N/A - From RDC,5-Feb-08,5-Feb-08,5-Feb-08,ARV,Adult,SCMS from RDC,"Efavirenz 600mg, tablets, 30 Tabs",Efavirenz,Generic,600mg,Tablet,30,1860,23101.2,12.42,0.41,"Cipla, Goa, India",Yes,2425,13356.65,36.96
39615,103-ML-T30,FPQ-15006,SCMS-260770,ASN-31163,Mali,PMO - US,Direct Drop,EXW,Air,10/7/14,11/19/14,13-May-15,13-May-15,13-May-15,HRDT,HIV test,"Orgenics, Ltd","HIV 1/2, ImmunoComb TriSpot Ag - Ab Kit, 36 Tests","HIV 1/2, ImmunoComb TriSpot Ag - Ab Kit",ImmunoComb,,Test kit,36,65,8125.0,125.0,3.47,"Alere Medical Co., Ltd.",Yes,24,1059.59,8.35
84726,107-RW-T30,FPQ-9912,SO-42150,DN-2674,Rwanda,PMO - US,From RDC,N/A - From RDC,Air,5/11/12,N/A - From RDC,29-Jun-12,1-Jun-12,1-Jun-12,ARV,Adult,SCMS from RDC,"Lamivudine/Zidovudine 150/300mg, tablets, 60 Tabs",Lamivudine/Zidovudine,Generic,150/300mg,Tablet - FDC,60,30480,237134.4,7.78,0.13,Mylan (formerly Matrix) Nashik,Yes,698,26845.35,332.46
9550,117-ET-T01,Pre-PQ Process,SCMS-16220,ASN-1329,Ethiopia,PMO - US,Direct Drop,EXW,Air,Pre-PQ Process,1/3/08,4-Mar-08,4-Mar-08,4-Mar-08,ARV,Adult,ASPEN PHARMACARE,"Tenofovir Disoproxil Fumarate 300mg [Viread], tablets, 30 Tabs",Tenofovir Disoproxil Fumarate,Viread,300mg,Tablet,30,780,7.8,0.01,0.0,"Aspen-OSD, Port Elizabeth, SA",No,See ASN-1329 (ID#:6896),See ASN-1329 (ID#:6896),0.01
58482,116-ZA-T30,FPQ-12522,SCMS-199289,ASN-28036,South Africa,PMO - US,Direct Drop,DDP,Truck,7/11/13,8/29/14,29-Aug-14,29-Aug-14,29-Aug-14,ARV,Adult,S. BUYS WHOLESALER,"Lamivudine/Nevirapine/Stavudine 150/200/30mg, tablets, 60 Tabs",Lamivudine/Nevirapine/Stavudine,Generic,150/200/30mg,Tablet - FDC,60,7,211.71,30.24,0.5,"Cipla, Goa, India",No,Weight Captured Separately,Freight Included in Commodity Cost,0.26
12273,109-TZ-T01,Pre-PQ Process,SO-18740,DN-1180,Tanzania,PMO - US,From RDC,N/A - From RDC,Truck,Pre-PQ Process,N/A - From RDC,11-May-09,11-May-09,11-May-09,ARV,Adult,SCMS from RDC,"Emtricitabine/Tenofovir Disoproxil Fumarate 200/300mg [Truvada], tablets, 30 Tabs",Emtricitabine/Tenofovir Disoproxil Fumarate,Truvada,300/200mg,Tablet - FDC,30,20240,531300.0,26.25,0.88,"Aspen-OSD, Port Elizabeth, SA",No,See DN-1180 (ID#:11033),See DN-1180 (ID#:11033),1041.35
86784,110-ZM-T30,FPQ-14575,SO-49280,DN-4154,Zambia,PMO - US,From RDC,N/A - From RDC,Truck,7/11/14,N/A - From RDC,27-Feb-15,25-Mar-15,26-Mar-15,ARV,Adult,SCMS from RDC,"Nevirapine 200mg, tablets, 60 Tabs",Nevirapine,Generic,200mg,Tablet,60,71600,156088.0,2.18,0.04,"Strides, Bangalore, India.",No,See DN-4154 (ID#:84454),See DN-4154 (ID#:84454),160.46
10660,107-RW-T01,Pre-PQ Process,SO-1222,DN-571,Rwanda,PMO - US,From RDC,N/A - From RDC,Air,Pre-PQ Process,N/A - From RDC,28-Jan-08,28-Jan-08,28-Jan-08,HRDT,HIV test - Ancillary,SCMS from RDC,"HIV, Lancet, Safety, for HIV Test kits, 100 Pcs","HIV, Lancet, Safety, for HIV Test kits, 100 Pcs",Generic,,Test kit - Ancillary,100,2093,20.93,0.01,0.0,Inverness Japan,Yes,609,12977.28,0.03
84630,104-CI-T30,FPQ-6144,SO-38480,DN-2138,Côte d'Ivoire,PMO - US,From RDC,N/A - From RDC,Air,8/3/10,N/A - From RDC,15-Mar-11,29-Mar-11,29-Mar-11,ARV,Pediatric,SCMS from RDC,"Didanosine 200mg, chewable/dispersible tablets, 60 Tabs",Didanosine,Generic,200mg,Chewable/dispersible tablet,60,3008,46624.0,15.5,0.26,"Aurobindo Unit III, India",No,See DN-2138 (ID#:83491),See DN-2138 (ID#:83491),100.52
83772,111-MZ-T30,FPQ-13123,SO-47083,DN-3580,Mozambique,PMO - US,From RDC,N/A - From RDC,Truck,10/21/13,N/A - From RDC,15-Apr-14,14-Apr-14,17-Apr-14,ARV,Adult,SCMS from RDC,"Efavirenz/Lamivudine/Tenofovir Disoproxil Fumarate 600/300/300mg, tablets, 30 Tabs",Efavirenz/Lamivudine/Tenofovir Disoproxil Fumarate,Generic,600/300/300mg,Tablet - FDC,30,137189,1529657.35,11.15,0.37,Mylan (formerly Matrix) Nashik,Yes,28696,22890.82,1572.49
11672,110-ZM-T01,Pre-PQ Process,SO-32550,DN-1382,Zambia,PMO - US,From RDC,N/A - From RDC,Truck,Date Not Captured,N/A - From RDC,17-Aug-09,17-Aug-09,17-Aug-09,ARV,Adult,SCMS from RDC,"Abacavir 300mg, tablets, 60 Tabs",Abacavir,Generic,300mg,Tablet,60,10406,264832.7,25.45,0.42,Mylan (formerly Matrix) Nashik,No,See DN-1382 (ID#:10788),See DN-1382 (ID#:10788),519.07
83639,103-ZW-T30,FPQ-9907,SO-42220,DN-2942,Zimbabwe,PMO - US,From RDC,N/A - From RDC,Truck,5/15/12,N/A - From RDC,14-Dec-12,11-Dec-12,11-Dec-12,ARV,Pediatric,SCMS from RDC,"Lamivudine/Nevirapine/Zidovudine 30/50/60mg, dispersible tablets, 60 Tabs",Lamivudine/Nevirapine/Zidovudine,Generic,30/50/60mg,Chewable/dispersible tablet - FDC,60,135933,564121.95,4.15,0.07,Mylan (formerly Matrix) Nashik,No,See DN-2942 (ID#:82530),See DN-2942 (ID#:82530),790.9
10656,110-ZM-T01,Pre-PQ Process,SO-783,DN-481,Zambia,PMO - US,From RDC,N/A - From RDC,,Pre-PQ Process,N/A - From RDC,15-Jan-08,15-Jan-08,15-Jan-08,HRDT,HIV test,SCMS from RDC,"HIV 1/2, Determine HIV Kit, without Lancets, 100 Tests","HIV 1/2, Determine HIV Kit, without Lancets",Determine,,Test kit,100,2100,151179.0,71.99,0.72,Inverness Japan,Yes,498,2292.6,241.89
33305,161-ZA-T30,FPQ-7175,SCMS-104030,ASN-12189,South Africa,PMO - US,Direct Drop,DDP,Ocean,3/10/11,3/28/11,18-Nov-11,18-Nov-11,18-Nov-11,ARV,Adult,CIPLA LIMITED,"Tenofovir Disoproxil Fumarate 300mg, tablets, 30 Tabs",Tenofovir Disoproxil Fumarate,Generic,300mg,Tablet,30,113000,731110.0,6.47,0.22,"Cipla, Goa, India",Yes,7663,9560.03,1206.33
76226,106-HT-T30,FPQ-11443,SCMS-180970,ASN-20026,Haiti,PMO - US,Direct Drop,EXW,Ocean,2/7/13,3/26/13,2-Sep-13,2-Sep-13,2-Sep-13,ARV,Adult,HETERO LABS LIMITED,"Efavirenz/Lamivudine/Tenofovir Disoproxil Fumarate 600/300/300mg, tablets, 30 Tabs",Efavirenz/Lamivudine/Tenofovir Disoproxil Fumarate,Generic,600/300/300mg,Tablet - FDC,30,48150,505575.0,10.5,0.35,Hetero Unit III Hyderabad IN,No,See ASN-20026 (ID#:64635),See ASN-20026 (ID#:64635),625.4
16085,122-HT-T30,FPQ-8635,SCMS-132180,ASN-13412,Haiti,PMO - US,Direct Drop,EXW,Air,12/7/11,12/30/11,18-Jan-12,18-Jan-12,18-Jan-12,ANTM,Malaria,AMSTELFARMA B.V.,"Mefloquine 250mg (as hydrochloride), tablets, 100 Tabs",Mefloquine (as hydrochloride),Generic,250mg,Tablet,100,100,8905.0,89.05,0.89,"Medochemie Factory A, CY",Yes,1173,7019.07,12.48
54304,111-MZ-T30,FPQ-10606,SCMS-162150,ASN-16937,Mozambique,PMO - US,Direct Drop,EXW,Air,9/12/12,10/10/12,24-Dec-12,24-Dec-12,24-Dec-12,HRDT,HIV test,"Trinity Biotech, Plc","HIV 1/2, Uni-Gold HIV Kit, 20 Tests","HIV 1/2, Uni-Gold HIV Kit",Uni-Gold,,Test kit,20,23,736.0,32.0,1.6,"Trinity Biotech, Plc",Yes,8,558.46,1.03
84702,101-CD-T30,FPQ-8840,SO-41147,DN-2511,"Congo, DRC",PMO - US,From RDC,N/A - From RDC,Air,11/21/11,N/A - From RDC,16-Mar-12,14-Mar-12,14-Mar-12,ARV,Adult,SCMS from RDC,"Lamivudine/Tenofovir Disoproxil Fumarate 300/300mg, tablets, 30 Tabs",Lamivudine/Tenofovir Disoproxil Fumarate,Generic,300/300mg,Tablet - FDC,30,45,273.6,6.08,0.2,Mylan (formerly Matrix) Nashik,No,See DN-2511 (ID#:83563),See DN-2511 (ID#:83563),0.38
86134,151-NG-T30,FPQ-13293,SO-47288,DN-3912,Nigeria,PMO - US,From RDC,N/A - From RDC,Air Charter,11/19/13,N/A - From RDC,30-Sep-14,3-Sep-14,5-Sep-14,ARV,Pediatric,SCMS from RDC,"Lamivudine/Stavudine 30/6mg, dispersible tablets, 60 Tabs",Lamivudine/Stavudine,Generic,30/6mg,Chewable/dispersible tablet - FDC,60,10383,19727.7,1.9,0.03,"Cipla, Goa, India",Yes,767,3963,20.28
84676,109-TZ-T30,FPQ-6713,SO-40710,DN-2375,Tanzania,PMO - US,From RDC,N/A - From RDC,Truck,12/2/10,N/A - From RDC,29-Sep-11,23-Sep-11,23-Sep-11,ARV,Adult,SCMS from RDC,"Efavirenz/Emtricitabine/Tenofovir Disoproxil Fumarate 600/200/300mg, tablets, 30 Tabs",Efavirenz/Emtricitabine/Tenofovir Disoproxil Fumarate,Generic,600/200/300mg,Tablet - FDC,30,68235,1359241.2,19.92,0.66,Mylan (formerly Matrix) Nashik,Yes,83,2094.34,2242.75
86027,109-TZ-T30,FPQ-12587,SO-45995,DN-3458,Tanzania,PMO - US,From RDC,N/A - From RDC,Truck,7/4/13,N/A - From RDC,31-Dec-13,25-Feb-14,13-Mar-14,ARV,Adult,SCMS from RDC,"Emtricitabine/Tenofovir Disoproxil Fumarate 200/300mg, tablets, 30 Tabs",Emtricitabine/Tenofovir Disoproxil Fumarate,Generic,200/300mg,Tablet - FDC,30,337,1978.19,5.87,0.2,Mylan (formerly Matrix) Nashik,No,See DN-3458 (ID#:83196),See DN-3458 (ID#:83196),2.45
82531,151-NG-T30,FPQ-9968,SO-43435,DN-2946,Nigeria,PMO - US,From RDC,N/A - From RDC,Air,5/23/12,N/A - From RDC,4-Dec-12,4-Dec-12,4-Dec-12,ARV,Adult,SCMS from RDC,"Nevirapine 200mg, tablets, 60 Tabs",Nevirapine,Generic,200mg,Tablet,60,16870,40825.4,2.42,0.04,"Strides, Bangalore, India.",Yes,7973,51090,57.24
12408,110-ZM-T01,Pre-PQ Process,SO-1066,DN-368,Zambia,PMO - US,From RDC,N/A - From RDC,,Pre-PQ Process,N/A - From RDC,2-Oct-07,2-Oct-07,2-Oct-07,ARV,Pediatric,SCMS from RDC,"Efavirenz 200mg, capsule, 90 Caps",Efavirenz,Generic,200mg,Capsule,90,604,9664.0,16.0,0.18,"Aurobindo Unit III, India",Yes,72,723.59,15.46
24123,103-ZW-T30,FPQ-13325,SCMS-216230,ASN-26314,Zimbabwe,PMO - US,Direct Drop,FCA,Air,11/26/13,11/28/13,24-Jun-14,24-Jun-14,25-Jun-14,ARV,Pediatric,ABBVIE LOGISTICS (FORMERLY ABBOTT LOGISTICS BV),"Lopinavir/Ritonavir 100/25mg [Aluvia], tablets, 60 Tabs",Lopinavir/Ritonavir,Generic,100/25mg,Tablet,60,9670,57439.8,5.94,0.1,ABBVIE Ludwigshafen Germany,Yes,1128,13330.73,59.05
39509,116-ZA-T30,FPQ-12522,SCMS-199280,ASN-24433,South Africa,PMO - US,Direct Drop,DDP,Truck,7/11/13,8/13/13,7-Feb-14,7-Feb-14,7-Feb-14,ARV,Adult,S. BUYS WHOLESALER,"Didanosine 400mg, delayed-release capsules, 30 Caps",Didanosine,Generic,400mg,Delayed-release capsules,30,10,217.06,21.71,0.72,"Aurobindo Unit III, India",No,Weight Captured Separately,Freight Included in Commodity Cost,0.27
83984,106-HT-T30,FPQ-4384,SO-34690,DN-1673,Haiti,PMO - US,From RDC,N/A - From RDC,Air,10/23/09,N/A - From RDC,15-Mar-10,15-Mar-10,15-Mar-10,ARV,Pediatric,SCMS from RDC,"Lamivudine 10mg/ml, oral solution, Bottle, 240 ml",Lamivudine,Generic,10mg/ml,Oral solution,240,3136,5958.4,1.9,0.01,"Cipla, Goa, India",No,See DN-1673 (ID#:83983),See DN-1673 (ID#:83983),12.85
73804,108-VN-T30,FPQ-16194,SCMS-285500,ASN-33268,Vietnam,PMO - US,Direct Drop,EXW,Air,4/14/15,5/13/15,3-Sep-15,3-Sep-15,3-Sep-15,ARV,Adult,HETERO LABS LIMITED,"Efavirenz/Lamivudine/Tenofovir Disoproxil Fumarate 600/300/300mg, tablets, 30 Tabs",Efavirenz/Lamivudine/Tenofovir Disoproxil Fumarate,Generic,600/300/300mg,Tablet - FDC,30,17760,168720.0,9.5,0.32,Hetero Unit III Hyderabad IN,Yes,Weight Captured Separately,Invoiced Separately,198.58
67925,116-ZA-T30,FPQ-14942,SCMS-295800,ASN-33865,South Africa,PMO - US,Direct Drop,DDP,Truck,9/11/14,8/24/15,24-Aug-15,24-Aug-15,24-Aug-15,ARV,Adult,PHARMACY DIRECT,"Nevirapine 200mg, tablets, 60 Tabs",Nevirapine,Generic,200mg,Tablet,60,18,247.28,13.74,0.23,"Aurobindo Unit III, India",No,Weight Captured Separately,Freight Included in Commodity Cost,0.25
1956,108-VN-T01,Pre-PQ Process,SCMS-27350,ASN-2766,Vietnam,PMO - US,Direct Drop,EXW,Air,Pre-PQ Process,7/24/08,25-Nov-08,25-Nov-08,25-Nov-08,ARV,Adult,MYLAN LABORATORIES LTD (FORMERLY MATRIX LABORATORIES),"Efavirenz 600mg, tablets, 30 Tabs",Efavirenz,Generic,600mg,Tablet,30,8400,85596.0,10.19,0.34,Mylan (formerly Matrix) Nashik,Yes,613,3247.73,167.77
52206,106-HT-T30,FPQ-4389,SCMS-58030,ASN-7025,Haiti,PMO - US,Direct Drop,FCA,Air,11/3/09,11/13/09,18-Jun-10,18-Jun-10,18-Jun-10,ARV,Pediatric,ABBVIE LOGISTICS (FORMERLY ABBOTT LOGISTICS BV),"Lopinavir/Ritonavir 100/25mg [Aluvia], tablets, 60 Tabs",Lopinavir/Ritonavir,Generic,100/25mg,Tablet,60,300,2712.0,9.04,0.15,ABBVIE Ludwigshafen Germany,Yes,44,1075.54,5.85
43059,106-HT-T30,FPQ-9066,SCMS-138550,ASN-15433,Haiti,PMO - US,Direct Drop,CIP,Air,1/6/12,2/24/12,17-Jul-12,17-Jul-12,17-Jul-12,ARV,Pediatric,MERCK SHARP & DOHME IDEA GMBH (FORMALLY MERCK SHARP & DOHME B.V.),"Efavirenz 30mg/ml [Stocrin/Sustiva], oral solution, Bottle, 180 ml",Efavirenz,Stocrin/Sustiva,30mg/ml,Oral solution,180,6705,113716.8,16.96,0.09,"MSD Patheon, Canada",Yes,1979,853.07,159.43
11569,107-RW-T01,Pre-PQ Process,SO-24620,DN-1117,Rwanda,PMO - US,From RDC,N/A - From RDC,Air,Pre-PQ Process,N/A - From RDC,6-Mar-09,6-Mar-09,6-Mar-09,ARV,Adult,SCMS from RDC,"Lamivudine/Zidovudine 150/300mg, tablets, 60 Tabs",Lamivudine/Zidovudine,Generic,150/300mg,Tablet - FDC,60,15000,131400.0,8.76,0.15,"Aurobindo Unit III, India",Yes,1364,21215.4,257.54
52756,102-BI-T30,FPQ-9231,SCMS-141800,ASN-14660,Burundi,PMO - US,Direct Drop,EXW,Air,2/17/12,4/9/12,5-Jun-12,5-Jun-12,5-Jun-12,HRDT,HIV test,"SHANGHAI KEHUA BIOENGINEERING CO.,LTD.  (KHB)","HIV 1/2, SKB Colloidal Gold, Diagnostic Kit, Antibody, 50 Tests","HIV 1/2, Colloidal Gold, Diagnostic Kit, Antibody",Colloidal Gold,,Test kit,1,23,563.5,24.5,24.5,"KHB Test Kit Facility, Shanghai China",Yes,21,1327.6,0.79
85508,113-ZW-T30,FPQ-13508,SO-47540,DN-3825,Zimbabwe,PMO - US,From RDC,N/A - From RDC,Truck,12/24/13,N/A - From RDC,30-Sep-14,29-Jun-14,4-Aug-14,ARV,Adult,SCMS from RDC,"Lamivudine/Tenofovir Disoproxil Fumarate 300/300mg, tablets, 30 Tabs",Lamivudine/Tenofovir Disoproxil Fumarate,Generic,300/300mg,Tablet - FDC,30,75701,350495.63,4.63,0.15,"Cipla, Kurkumbh, India",No,See DN-3825 (ID#:82702),See DN-3825 (ID#:82702),360.31
58025,100-DO-T30,FPQ-6128,SCMS-85620,ASN-8943,Dominican Republic,PMO - US,Direct Drop,DDU,Air,9/14/10,9/17/10,30-Nov-10,30-Nov-10,30-Nov-10,ARV,Pediatric,IDIS LIMITED,"Atazanavir 150mg [Reyataz], capsules, 60 Caps",Atazanavir,Reyataz,150mg,Capsule,60,204,61512.12,301.53,5.03,"BMS Evansville, US",Yes,Weight Captured Separately,Freight Included in Commodity Cost,132.62
83386,114-UG-T30,FPQ-4275,SO-33970,DN-1576,Uganda,PMO - US,From RDC,N/A - From RDC,Air,9/17/09,N/A - From RDC,20-Dec-09,26-Nov-09,26-Nov-09,ARV,Adult,SCMS from RDC,"Efavirenz 600mg, tablets, 30 Tabs",Efavirenz,Generic,600mg,Tablet,30,12100,69938.0,5.78,0.19,"Aurobindo Unit III, India",Yes,36,3602.34,137.08
84413,111-MZ-T30,FPQ-14226,SO-48884,DN-3944,Mozambique,PMO - US,From RDC,N/A - From RDC,Truck,5/2/14,N/A - From RDC,31-Dec-14,28-Oct-14,13-Nov-14,ARV,Adult,SCMS from RDC,"Tenofovir Disoproxil Fumarate 300mg, tablets, 30 Tabs",Tenofovir Disoproxil Fumarate,Generic,300mg,Tablet,30,80,302.4,3.78,0.13,Hetero Unit III Hyderabad IN,No,See DN-3944 (ID#:82733),See DN-3944 (ID#:82733),0.31
83434,114-UG-T30,FPQ-5451,SO-36830,DN-1859,Uganda,PMO - US,From RDC,N/A - From RDC,Air,5/7/10,N/A - From RDC,30-Jun-10,22-Jun-10,22-Jun-10,ARV,Adult,SCMS from RDC,"Lamivudine/Nevirapine/Zidovudine 150/200/300mg, tablets, 60 Tabs",Lamivudine/Nevirapine/Zidovudine,Generic,150/300/200mg,Tablet - FDC,60,15000,168300.0,11.22,0.19,Mylan (formerly Matrix) Nashik,Yes,1943,6299.45,362.85
11209,112-NG-T01,Pre-PQ Process,SO-567,DN-475,Nigeria,PMO - US,From RDC,N/A - From RDC,Air,Pre-PQ Process,N/A - From RDC,3-Dec-07,3-Dec-07,3-Dec-07,ARV,Pediatric,SCMS from RDC,"Nevirapine 10mg/ml, oral suspension, Bottle, 240 ml",Nevirapine,Generic,10mg/ml,Oral suspension,240,965,5983.0,6.2,0.03,"Aurobindo Unit III, India",No,See DN-475 (ID#:10642),See DN-475 (ID#:10642),9.57
84135,101-CD-T30,FPQ-8840,SO-41136,DN-2498,"Congo, DRC",PMO - US,From RDC,N/A - From RDC,Air,11/21/11,N/A - From RDC,16-Mar-12,14-Feb-12,14-Feb-12,ARV,Adult,SCMS from RDC,"Nevirapine 200mg, tablets, 60 Tabs",Nevirapine,Generic,200mg,Tablet,60,22,56.76,2.58,0.04,"Strides, Bangalore, India.",No,See DN-2498 (ID#:83002),See DN-2498 (ID#:83002),0.08
12388,104-CI-T01,Pre-PQ Process,SO-523,DN-260,Côte d'Ivoire,PMO - US,From RDC,N/A - From RDC,,Pre-PQ Process,N/A - From RDC,3-Aug-07,3-Aug-07,3-Aug-07,ARV,Adult,SCMS from RDC,"Lamivudine/Nevirapine/Stavudine 150/200/30mg, tablets, 60 Tabs",Lamivudine/Nevirapine/Stavudine,Generic,150/200/30mg,Tablet - FDC,60,23472,176040.0,7.5,0.12,"Cipla, Goa, India",No,See DN-260 (ID#:11426),See DN-260 (ID#:11426),281.66
86541,101-CD-T30,FPQ-11054,SO-43680,DN-2981,"Congo, DRC",PMO - US,From RDC,N/A - From RDC,Air,11/16/12,N/A - From RDC,11-Sep-13,11-Sep-13,11-Sep-13,ARV,Adult,SCMS from RDC,"Lamivudine/Tenofovir Disoproxil Fumarate 300/300mg, tablets, 30 Tabs",Lamivudine/Tenofovir Disoproxil Fumarate,Generic,300/300mg,Tablet - FDC,30,897,4314.57,4.81,0.16,"Cipla, Kurkumbh, India",No,See DN-2981 (ID#:82538),See DN-2981 (ID#:82538),5.34
49796,116-ZA-T30,FPQ-15269,SCMS-267020,ASN-29764,South Africa,PMO - US,Direct Drop,DDP,Truck,10/29/14,12/10/14,10-Dec-14,10-Dec-14,10-Dec-14,ARV,Pediatric,S. BUYS WHOLESALER,"Abacavir 20mg/ml, oral solution, Bottle, 240 ml",Abacavir,Generic,20mg/ml,Oral solution,240,191,4145.72,21.71,0.09,"Aurobindo Unit III, India",No,Weight Captured Separately,Freight Included in Commodity Cost,4.88
3375,104-CI-T01,Pre-PQ Process,SCMS-29340,ASN-2921,Côte d'Ivoire,PMO - US,Direct Drop,EXW,Air,Pre-PQ Process,9/3/08,23-Jan-09,23-Jan-09,23-Jan-09,ACT,ACT,IDA FOUNDATION,"Artesunate+Amodiaquine 50+153mg, tablets, co-blister 6+6 Tabs",Artesunate+Amodiaquine,Generic,50+153mg,Tablet - FDC + co-blister,12,50000,19500.0,0.39,0.03,Ipca Dadra/Nagar Haveli IN,No,See ASN-2921 (ID#:719),See ASN-2921 (ID#:719),38.22
83305,114-UG-T30,FPQ-15638,SO-50640,DN-4105,Uganda,PMO - US,From RDC,N/A - From RDC,Truck,12/22/14,N/A - From RDC,27-Feb-15,25-Feb-15,5-Mar-15,ARV,Adult,SCMS from RDC,"Lopinavir/Ritonavir 200/50mg [Aluvia], tablets, 120 Tabs",Lopinavir/Ritonavir,Aluvia,200/50mg,Tablet,120,9833,185843.7,18.9,0.16,ABBVIE Ludwigshafen Germany,Yes,2033,9482.19,218.74
84833,104-CI-T30,FPQ-11254,SO-44150,DN-3248,Côte d'Ivoire,PMO - US,From RDC,N/A - From RDC,Truck,12/14/12,N/A - From RDC,31-Oct-13,21-Aug-13,21-Aug-13,ARV,Adult,SCMS from RDC,"Tenofovir Disoproxil Fumarate 300mg, tablets, 30 Tabs",Tenofovir Disoproxil Fumarate,Generic,300mg,Tablet,30,1644,6641.76,4.04,0.13,Mylan (formerly Matrix) Nashik,Yes,97,1620.19,8.22
82898,151-NG-T30,FPQ-5023,SO-36492,DN-1911,Nigeria,PMO - US,From RDC,N/A - From RDC,Air,2/10/10,N/A - From RDC,15-Jul-10,28-Jun-10,28-Jun-10,ARV,Adult,SCMS from RDC,"Lamivudine 150mg, tablets, 60 Tabs",Lamivudine,Generic,150mg,Tablet,60,3000,7320.0,2.44,0.04,"Aurobindo Unit III, India",Yes,142,Freight Included in Commodity Cost,15.78
79491,106-HT-T30,FPQ-11285,SCMS-176120,ASN-19476,Haiti,PMO - US,Direct Drop,CIP,Air,1/16/13,2/5/13,14-May-13,14-May-13,14-May-13,ARV,Adult,MERCK SHARP & DOHME IDEA GMBH (FORMALLY MERCK SHARP & DOHME B.V.),"Raltegravir 400mg [Isentress], tablets, 60 Tabs",Raltegravir,Isentress,400mg,Tablet,60,120,6660.0,55.5,0.92,"MSD, Haarlem, NL",Yes,11,260,8.24
85474,109-TZ-T30,FPQ-12354,SO-45743,DN-3688,Tanzania,PMO - US,From RDC,N/A - From RDC,Truck,5/16/13,N/A - From RDC,1-Jun-14,5-Jun-14,12-Jun-14,ARV,Adult,SCMS from RDC,"Efavirenz/Lamivudine/Tenofovir Disoproxil Fumarate 600/300/300mg, tablets, 30 Tabs",Efavirenz/Lamivudine/Tenofovir Disoproxil Fumarate,Generic,600/300/300mg,Tablet - FDC,30,151208,1590708.16,10.52,0.35,Hetero Unit III Hyderabad IN,Yes,20501,13765.17,1967.71
68680,108-VN-T30,FPQ-13976,SCMS-236120,ASN-27810,Vietnam,PMO - US,Direct Drop,EXW,Air,4/8/14,4/30/14,16-Sep-14,16-Sep-14,4-Nov-14,ARV,Adult,HETERO LABS LIMITED,"Efavirenz/Lamivudine/Tenofovir Disoproxil Fumarate 600/300/300mg, tablets, 30 Tabs",Efavirenz/Lamivudine/Tenofovir Disoproxil Fumarate,Generic,600/300/300mg,Tablet - FDC,30,17188,180474.0,10.5,0.35,Hetero Unit III Hyderabad IN,Yes,2388,3790.32,185.53
12325,117-ET-T01,Pre-PQ Process,SO-33640,DN-1472,Ethiopia,PMO - US,From RDC,N/A - From RDC,Air,Date Not Captured,N/A - From RDC,29-Sep-09,29-Sep-09,29-Sep-09,ARV,Adult,SCMS from RDC,"Lamivudine 150mg, tablets, 60 Tabs",Lamivudine,Generic,150mg,Tablet,60,4234,10330.96,2.44,0.04,"Aurobindo Unit III, India",Yes,212,1489.4,20.25
84202,103-ZW-T30,FPQ-9907,SO-42190,DN-2920,Zimbabwe,PMO - US,From RDC,N/A - From RDC,Truck,5/15/12,N/A - From RDC,14-Dec-12,13-Dec-12,13-Dec-12,ARV,Pediatric,SCMS from RDC,"Lamivudine/Stavudine 30/6mg, dispersible tablets, 60 Tabs",Lamivudine/Stavudine,Generic,30/6mg,Chewable/dispersible tablet - FDC,60,19425,36907.5,1.9,0.03,"Cipla, Goa, India",Yes,1043,8043.57,51.74
49796,116-ZA-T30,FPQ-15269,SCMS-267020,ASN-29764,South Africa,PMO - US,Direct Drop,DDP,Truck,10/29/14,12/10/14,10-Dec-14,10-Dec-14,10-Dec-14,ARV,Pediatric,S. BUYS WHOLESALER,"Abacavir 20mg/ml, oral solution, Bottle, 240 ml",Abacavir,Generic,20mg/ml,Oral solution,240,191,4145.72,21.71,0.09,"Aurobindo Unit III, India",No,Weight Captured Separately,Freight Included in Commodity Cost,4.88
70981,102-KE-T30,FPQ-4250,SCMS-55902,ASN-5661,Kenya,PMO - US,Direct Drop,EXW,Air,9/16/09,10/23/09,18-Jan-10,18-Jan-10,18-Jan-10,HRDT,HIV test,"Orgenics, Ltd","HIV 1/2, Determine Complete HIV Kit, 100 Tests","HIV 1/2, Determine Complete HIV Kit",Determine,,Test kit,100,3250,260000.0,80.0,0.8,Inverness Japan,Yes,979,9507.81,509.6
25752,161-ZA-T30,FPQ-5303,SCMS-68710,ASN-6750,South Africa,PMO - US,Direct Drop,DDP,Air,3/18/10,3/19/10,11-Jun-10,11-Jun-10,11-Jun-10,ARV,Adult,CIPLA LIMITED,"Tenofovir Disoproxil Fumarate 300mg, tablets, 30 Tabs",Tenofovir Disoproxil Fumarate,Generic,300mg,Tablet,30,38890,304119.8,7.82,0.26,"Cipla, Goa, India",Yes,2649,3908.55,655.68
12295,151-NG-T01,Pre-PQ Process,SO-30022,DN-1290,Nigeria,PMO - US,From RDC,N/A - From RDC,Air Charter,Pre-PQ Process,N/A - From RDC,16-Jun-09,16-Jun-09,16-Jun-09,ARV,Adult,SCMS from RDC,"Emtricitabine/Tenofovir Disoproxil Fumarate 200/300mg [Truvada], tablets, 30 Tabs",Emtricitabine/Tenofovir Disoproxil Fumarate,Truvada,300/200mg,Tablet - FDC,30,24269,637061.25,26.25,0.88,"Aspen-OSD, Port Elizabeth, SA",Yes,2094,7329.83,1248.64
10816,111-MZ-T01,Pre-PQ Process,SO-533,DN-123,Mozambique,PMO - US,From RDC,N/A - From RDC,Air,Pre-PQ Process,N/A - From RDC,18-May-07,18-May-07,18-May-07,ARV,Pediatric,SCMS from RDC,"Efavirenz 200mg [Stocrin/Sustiva], capsule, 90 Caps",Efavirenz,Stocrin/Sustiva,200mg,Capsule,90,409,13251.6,32.4,0.36,"MSD Manati, Puerto Rico, (USA)",Yes,45,348.09,
84032,104-CI-T30,FPQ-5623,SO-36890,DN-1984,Côte d'Ivoire,PMO - US,From RDC,N/A - From RDC,Air,5/7/10,N/A - From RDC,31-Aug-10,23-Aug-10,23-Aug-10,ARV,Pediatric,SCMS from RDC,"Efavirenz 50mg, capsule, 30 Caps",Efavirenz,Generic,50mg,Capsule,30,2436,5456.64,2.24,0.07,"Aurobindo Unit III, India",No,See DN-1984 (ID#:83453),See DN-1984 (ID#:83453),11.76
86772,151-NG-T30,FPQ-14156,SO-48908,DN-4097,Nigeria,PMO - US,From RDC,N/A - From RDC,Air Charter,4/25/14,N/A - From RDC,30-Jan-15,14-Jan-15,20-Jan-15,ARV,Adult,SCMS from RDC,"Lamivudine/Tenofovir Disoproxil Fumarate 300/300mg, tablets, 30 Tabs",Lamivudine/Tenofovir Disoproxil Fumarate,Generic,300/300mg,Tablet - FDC,30,296996,1369151.56,4.61,0.15,Hetero Unit III Hyderabad IN,No,See DN-4097 (ID#:85009),See DN-4097 (ID#:85009),1407.49
11562,110-ZM-T01,Pre-PQ Process,SO-19411,DN-1029,Zambia,PMO - US,From RDC,N/A - From RDC,Air,Pre-PQ Process,N/A - From RDC,11-Dec-08,11-Dec-08,11-Dec-08,ARV,Adult,SCMS from RDC,"Zidovudine 300mg, tablets, 60 Tabs",Zidovudine,Generic,300mg,Tablet,60,2306,18793.9,8.15,0.14,"Aurobindo Unit III, India",Yes,132,1659.48,36.84
82550,113-ZW-T30,FPQ-10895,SO-43540,DN-3031,Zimbabwe,PMO - US,From RDC,N/A - From RDC,Truck,10/25/12,N/A - From RDC,15-Mar-13,14-Mar-13,14-Mar-13,ARV,Adult,SCMS from RDC,"Efavirenz/Lamivudine/Tenofovir Disoproxil Fumarate 600/300/300mg, tablets, 30 Tabs",Efavirenz/Lamivudine/Tenofovir Disoproxil Fumarate,Generic,600/300/300mg,Tablet - FDC,30,20160,244137.6,12.11,0.4,Mylan (formerly Matrix) Nashik,Yes,2268,9405.81,302.0
68820,107-RW-T30,FPQ-6186,SCMS-83340,ASN-9217,Rwanda,PMO - US,Direct Drop,CIP,Air,8/13/10,9/28/10,12-Dec-10,12-Dec-10,12-Dec-10,ARV,Adult,MYLAN LABORATORIES LTD (FORMERLY MATRIX LABORATORIES),"Efavirenz/Lamivudine/Tenofovir Disoproxil Fumarate 600/300/300mg, tablets, 30 Tabs",Efavirenz/Lamivudine/Tenofovir Disoproxil Fumarate,Generic,600/300/300mg,Tablet - FDC,30,22347,390625.56,17.48,0.58,Mylan (formerly Matrix) Nashik,Yes,Weight Captured Separately,Freight Included in Commodity Cost,842.19
12498,117-ET-T01,Pre-PQ Process,SO-2358,DN-720,Ethiopia,PMO - US,From RDC,N/A - From RDC,Air,Pre-PQ Process,N/A - From RDC,21-Apr-08,21-Apr-08,21-Apr-08,ARV,Pediatric,SCMS from RDC,"Stavudine 1mg/ml, powder for oral solution, 200 ml",Stavudine,Generic,1mg/ml,Oral solution,200,3000,4200.0,1.4,0.01,"Aurobindo Unit III, India",Yes,342,1850.7,6.72
82506,110-ZM-T30,FPQ-9773,SO-41991,DN-2833,Zambia,PMO - US,From RDC,N/A - From RDC,Truck,4/27/12,N/A - From RDC,25-Sep-12,7-Sep-12,7-Sep-12,ARV,Adult,SCMS from RDC,"Nevirapine 200mg, tablets, 60 Tabs",Nevirapine,Generic,200mg,Tablet,60,18867,46035.48,2.44,0.04,Mylan (formerly Matrix) Nashik,Yes,17125,7317.47,64.54
62228,133-NG-T30,FPQ-13741,SCMS-239690,ASN-26760,Nigeria,PMO - US,Direct Drop,EXW,Air,2/13/14,5/19/14,9-Jul-14,10-Jul-14,17-Jul-14,HRDT,HIV test,"Orgenics, Ltd","HIV 1/2, Determine Complete HIV Kit, 100 Tests","HIV 1/2, Determine Complete HIV Kit",Determine,,Test kit,100,10364,922396.0,89.0,0.89,"Alere Medical Co., Ltd.",Yes,4212,62466.03,948.22
83295,111-MZ-T30,FPQ-14226,SO-48887,DN-4051,Mozambique,PMO - US,From RDC,N/A - From RDC,Truck,5/2/14,N/A - From RDC,23-Mar-15,23-Mar-15,23-Mar-15,ARV,Adult,SCMS from RDC,"Lamivudine/Nevirapine/Stavudine 150/200/30mg, tablets, 60 Tabs",Lamivudine/Nevirapine/Stavudine,Generic,150/200/30mg,Tablet - FDC,60,46962,202875.84,4.32,0.07,Hetero Unit III Hyderabad IN,Yes,5097,Freight Included in Commodity Cost,208.56
68998,117-ET-T30,FPQ-4981,SCMS-65780,ASN-6734,Ethiopia,Ethiopia Field Office,Direct Drop,DDP,Truck,2/19/10,3/4/10,25-Mar-10,25-Mar-10,25-Mar-10,HRDT,HIV test,TURE PHARMACEUTICALS & MEDICAL SUPPLIES P.L.C.,"HIV 1/2, Uni-Gold HIV Kit, 20 Tests","HIV 1/2, Uni-Gold HIV Kit",Uni-Gold,,Test kit,20,8,440.44,55.06,2.75,"Trinity Biotech, Plc",Yes,Weight Captured Separately,Freight Included in Commodity Cost,0.95
83631,109-TZ-T30,FPQ-9303,SO-41551,DN-2889,Tanzania,PMO - US,From RDC,N/A - From RDC,Truck,2/15/12,N/A - From RDC,30-Nov-12,6-Nov-12,6-Nov-12,ARV,Pediatric,SCMS from RDC,"Lamivudine/Nevirapine/Stavudine 60/100/12mg, dispersible tablets, 60 Tabs",Lamivudine/Nevirapine/Stavudine,Generic,60/100/12mg,Chewable/dispersible tablet - FDC,60,844,3629.2,4.3,0.07,"Cipla, Goa, India",Yes,466,1696,5.09
1162,104-CI-T01,Pre-PQ Process,SCMS-44130,ASN-4791,Côte d'Ivoire,PMO - US,Direct Drop,EXW,Air,Pre-PQ Process,4/15/09,15-Sep-09,15-Sep-09,15-Sep-09,HRDT,HIV test,BIO-RAD LABORATORIES (FRANCE),"#108853** HIV, Genie II HIV-1/HIV-2 Kit, 40 Tests","HIV, Genie II HIV-1/HIV-2 Kit",Genie,,Test kit,40,1000,110000.0,110.0,2.75,Bio-Rad Laboratories,Yes,1101,8074.03,215.6
12083,109-TZ-T01,Pre-PQ Process,SO-747,DN-229,Tanzania,PMO - US,From RDC,N/A - From RDC,Air,Pre-PQ Process,N/A - From RDC,13-Jul-07,13-Jul-07,13-Jul-07,HRDT,HIV test,SCMS from RDC,"HIV 1/2, Capillus HIV Kit, 100 Tests","HIV 1/2, Capillus HIV Kit",Capillus,,Test kit,100,422,58658.0,139.0,1.39,"Trinity Biotech, Plc",Yes,3093,1547,93.85
82895,104-CI-T30,FPQ-5201,SO-36342,DN-1887,Côte d'Ivoire,PMO - US,From RDC,N/A - From RDC,Air,3/3/10,N/A - From RDC,12-Jul-10,5-Jul-10,5-Jul-10,ARV,Pediatric,SCMS from RDC,"Lamivudine 10mg/ml, oral solution, Bottle, 240 ml",Lamivudine,Generic,10mg/ml,Oral solution,240,4340,8246.0,1.9,0.01,"Cipla, Goa, India",Yes,1632,5121.68,17.78
33909,105-SS-T30,FPQ-14470,SCMS-245240,ASN-29503,South Sudan,PMO - US,Direct Drop,EXW,Air,6/17/14,7/1/14,9-Jan-15,9-Jan-15,19-Jan-15,HRDT,HIV test,"Trinity Biotech, Plc","HIV 1/2, Uni-Gold HIV Kit, 20 Tests","HIV 1/2, Uni-Gold HIV Kit",Uni-Gold,,Test kit,20,25,800.0,32.0,1.6,"Trinity Biotech, Plc",No,See ASN-29503 (ID#:13571),See ASN-29503 (ID#:13571),0.82
39967,104-CI-T30,FPQ-12714,SCMS-205000,ASN-21883,Côte d'Ivoire,PMO - US,Direct Drop,EXW,Air,7/30/13,9/2/13,7-Oct-13,7-Oct-13,8-Oct-13,ARV,Pediatric,Aurobindo Pharma Limited,"Zidovudine 100mg, capsules, 100 Caps",Zidovudine,Generic,100mg,Capsule,100,670,3015.0,4.5,0.04,"Aurobindo Unit III, India",Yes,76,1921.02,3.73
83245,104-CI-T30,FPQ-13142,SO-47160,DN-3685,Côte d'Ivoire,PMO - US,From RDC,N/A - From RDC,Truck,10/22/13,N/A - From RDC,30-May-14,12-May-14,30-Jun-14,ARV,Adult,SCMS from RDC,"Lamivudine 150mg, tablets, 60 Tabs",Lamivudine,Generic,150mg,Tablet,60,1379,2399.46,1.74,0.03,"Aurobindo Unit III, India",Yes,157,926.7,2.47
18580,109-TZ-T30,FPQ-14009,SCMS-236750,ASN-25904,Tanzania,PMO - US,Direct Drop,EXW,Air,4/17/14,4/18/14,24-Jun-14,24-Jun-14,24-Jun-14,ARV,Pediatric,STRIDES ARCOLAB LIMITED,"Efavirenz 200mg, scored tablets, 90 Tabs",Efavirenz,Generic,200mg,Tablet,90,15041,139881.3,9.3,0.1,"Strides, Bangalore, India.",Yes,949,4673.77,143.8
5032,116-ZA-T01,Pre-PQ Process,SCMS-40780,ASN-3607,South Africa,PMO - US,Direct Drop,DDP,Air,Pre-PQ Process,Date Not Captured,17-Mar-09,28-Nov-08,28-Nov-08,ARV,Adult,S. BUYS WHOLESALER,"Efavirenz 600mg, tablets, 30 Tabs",Efavirenz,Generic,600mg,Tablet,30,7000,113050.0,16.15,0.54,"Aurobindo Unit III, India",No,Weight Captured Separately,Freight Included in Commodity Cost,221.58
84578,151-NG-T30,FPQ-5023,SO-36420,DN-1930,Nigeria,PMO - US,From RDC,N/A - From RDC,Air,2/10/10,N/A - From RDC,15-Jul-10,28-Jun-10,28-Jun-10,ARV,Adult,SCMS from RDC,"Efavirenz/Emtricitabine/Tenofovir Disoproxil Fumarate 600/200/300mg, tablets, 30 Tabs",Efavirenz/Emtricitabine/Tenofovir Disoproxil Fumarate,Generic,600/200/300mg,Tablet - FDC,30,58500,1165320.0,19.92,0.66,Mylan (formerly Matrix) Nashik,Yes,6433,Freight Included in Commodity Cost,2512.43
22356,151-NG-T30,FPQ-11025,SCMS-169180,ASN-18584,Nigeria,PMO - US,Direct Drop,EXW,Air,11/15/12,12/18/12,14-Mar-13,14-Mar-13,14-Mar-13,ARV,Pediatric,ABBVIE LOGISTICS (FORMERLY ABBOTT LOGISTICS BV),"Lopinavir/Ritonavir 100/25mg [Aluvia], tablets, 60 Tabs",Lopinavir/Ritonavir,Generic,100/25mg,Tablet,60,2221,13192.74,5.94,0.1,ABBVIE Ludwigshafen Germany,Yes,252,2969.34,16.32
83431,104-CI-T30,FPQ-5201,SO-36341,DN-1845,Côte d'Ivoire,PMO - US,From RDC,N/A - From RDC,Air,3/3/10,N/A - From RDC,15-Jun-10,7-Jun-10,7-Jun-10,ARV,Adult,SCMS from RDC,"Stavudine 30mg, capsules, 60 Caps",Stavudine,Generic,30mg,Capsule,60,2000,2820.0,1.41,0.02,"Strides, Bangalore, India.",Yes,98,2201.14,6.08
27430,116-ZA-T30,FPQ-14942,SCMS-259075,ASN-32138,South Africa,PMO - US,Direct Drop,DDP,Truck,9/11/14,5/11/15,12-May-15,12-May-15,12-May-15,ARV,Adult,PHARMACY DIRECT,"Didanosine 250mg, delayed-release capsules, 30 Caps",Didanosine,Generic,250mg,Delayed-release capsules,30,3,33.05,11.02,0.37,"Aurobindo Unit III, India",No,Weight Captured Separately,Freight Included in Commodity Cost,0.03
10988,110-ZM-T01,Pre-PQ Process,SO-2495,DN-1006,Zambia,PMO - US,From RDC,N/A - From RDC,Truck,Pre-PQ Process,N/A - From RDC,1-Dec-08,1-Dec-08,1-Dec-08,ARV,Adult,SCMS from RDC,"Nevirapine 200mg, tablets, 60 Tabs",Nevirapine,Generic,200mg,Tablet,60,44432,151068.8,3.4,0.06,Hetero Unit III Hyderabad IN,Yes,2503,3629.37,296.09
83029,102-LY-T30,FPQ-9665,SO-41900,DN-2641,Libya,PMO - US,From RDC,N/A - From RDC,Air,4/4/12,N/A - From RDC,23-May-12,23-May-12,23-May-12,ARV,Adult,SCMS from RDC,"Lopinavir/Ritonavir 200/50mg [Aluvia], tablets, 120 Tabs",Lopinavir/Ritonavir,Aluvia,200/50mg,Tablet,120,500,15410.0,30.82,0.26,ABBVIE Ludwigshafen Germany,Yes,709,761.91,21.6
11540,105-GY-T01,Pre-PQ Process,SO-11630,DN-841,Guyana,PMO - US,From RDC,N/A - From RDC,Air,Pre-PQ Process,N/A - From RDC,25-Jul-08,25-Jul-08,25-Jul-08,ARV,Adult,SCMS from RDC,"Lamivudine 150mg, tablets, 60 Tabs",Lamivudine,Generic,150mg,Tablet,60,431,1249.9,2.9,0.05,"Aurobindo Unit III, India",Yes,377,5228.67,2.0
85752,151-NG-T30,FPQ-6800,SO-39210,DN-2171,Nigeria,PMO - US,From RDC,N/A - From RDC,Air Charter,12/7/10,N/A - From RDC,21-Jun-11,10-May-11,10-May-11,ARV,Adult,SCMS from RDC,"Nevirapine 200mg, tablets, 60 Tabs",Nevirapine,Generic,200mg,Tablet,60,129557,325188.07,2.51,0.04,"Aurobindo Unit III, India",Yes,14710,12601.07,536.56
46587,161-ZA-T30,FPQ-5303,SCMS-68950,ASN-7102,South Africa,PMO - US,Direct Drop,DDP,Air,3/18/10,3/19/10,11-Jun-10,11-Jun-10,11-Jun-10,ARV,Adult,Aurobindo Pharma Limited,"Lamivudine 150mg, tablets, 60 Tabs",Lamivudine,Generic,150mg,Tablet,60,52379,132518.87,2.53,0.04,"Aurobindo Unit III, India",Yes,2512,4116.82,285.71
1251,108-VN-T01,Pre-PQ Process,SCMS-12,ASN-91,Vietnam,PMO - US,Direct Drop,CIP,Air,Pre-PQ Process,Date Not Captured,16-Nov-06,16-Nov-06,16-Nov-06,ARV,Pediatric,BRISTOL-MYERS SQUIBB,"Didanosine 25mg [Videx], chewable tablets, 60 Tabs",Didanosine,Videx,25mg,Chewable/dispersible tablet,60,2800,19600.0,7.0,0.12,"BMS Meymac, France",Yes,555,3292.15,
29391,116-ZA-T30,FPQ-13973,SCMS-238556,ASN-31854,South Africa,PMO - US,Direct Drop,DDP,Truck,4/30/14,4/28/15,28-Apr-15,28-Apr-15,28-Apr-15,ARV,Adult,PHARMACY DIRECT,"Nevirapine 200mg, tablets, 60 Tabs",Nevirapine,Generic,200mg,Tablet,60,10,177.47,17.75,0.3,"Aurobindo Unit III, India",No,Weight Captured Separately,Freight Included in Commodity Cost,0.18
71016,105-GH-T30,FPQ-13872,SCMS-235791,ASN-26604,Ghana,PMO - US,Direct Drop,EXW,Air,3/24/14,5/7/14,17-Jul-14,17-Jul-14,17-Jul-14,ARV,Pediatric,Aurobindo Pharma Limited,"Efavirenz 50mg, capsule, 30 Caps",Efavirenz,Generic,50mg,Capsule,30,38584,60191.04,1.56,0.05,"Aurobindo Unit III, India",Yes,2773,21807.62,61.88
83372,154-NG-T30,FPQ-3815,SO-32272,DN-1360,Nigeria,PMO - US,From RDC,N/A - From RDC,Air Charter,5/26/09,N/A - From RDC,31-Aug-09,4-Aug-09,4-Aug-09,ARV,Adult,SCMS from RDC,"Nevirapine 200mg, tablets, 60 Tabs",Nevirapine,Generic,200mg,Tablet,60,233,675.7,2.9,0.05,"Aurobindo Unit III, India",No,See DN-1360 (ID#:83371),See DN-1360 (ID#:83371),1.32
49529,116-ZA-T30,FPQ-3560,SCMS-49630,ASN-5133,South Africa,PMO - US,Direct Drop,DDP,Truck,5/7/09,7/21/09,10-Sep-09,10-Sep-09,10-Sep-09,ARV,Adult,S. BUYS WHOLESALER,"Efavirenz 600mg, tablets, 30 Tabs",Efavirenz,Generic,600mg,Tablet,30,29672,524304.06,17.67,0.59,"Cipla, Goa, India",Yes,Weight Captured Separately,Freight Included in Commodity Cost,1027.64
85115,104-CI-T30,FPQ-4659,SO-35560,DN-1799,Côte d'Ivoire,PMO - US,From RDC,N/A - From RDC,Air,12/8/09,N/A - From RDC,10-May-10,7-May-10,7-May-10,ARV,Pediatric,SCMS from RDC,"Zidovudine 100mg, capsules, 100 Caps",Zidovudine,Generic,100mg,Capsule,100,6636,32118.24,4.84,0.05,"Aurobindo Unit III, India",No,See DN-1799 (ID#:84560),See DN-1799 (ID#:84560),69.25
85745,113-ZW-T30,FPQ-6470,SO-38830,DN-2128,Zimbabwe,PMO - US,From RDC,N/A - From RDC,Truck,10/13/10,N/A - From RDC,31-Mar-11,18-Mar-11,18-Mar-11,ARV,Adult,SCMS from RDC,"Lamivudine/Tenofovir Disoproxil Fumarate 300/300mg, tablets, 30 Tabs",Lamivudine/Tenofovir Disoproxil Fumarate,Generic,300/300mg,Tablet - FDC,30,10114,89205.48,8.82,0.29,Mylan (formerly Matrix) Nashik,No,See DN-2128 (ID#:84624),See DN-2128 (ID#:84624),192.33
10893,112-NG-T01,Pre-PQ Process,SO-565,DN-373,Nigeria,PMO - US,From RDC,N/A - From RDC,Air,Pre-PQ Process,N/A - From RDC,20-Sep-07,20-Sep-07,20-Sep-07,ARV,Adult,SCMS from RDC,"Lamivudine 150mg, tablets, 60 Tabs",Lamivudine,Generic,150mg,Tablet,60,614,2032.34,3.31,0.06,"Aurobindo Unit III, India",No,See DN-373 (ID#:10623),See DN-373 (ID#:10623),3.25
10401,102-KE-T01,Pre-PQ Process,SCMS-42960,ASN-4500,Kenya,PMO - US,Direct Drop,EXW,Air,Pre-PQ Process,4/6/09,7-Aug-09,7-Aug-09,7-Aug-09,HRDT,HIV test,"Orgenics, Ltd","HIV 1/2, Determine Complete HIV Kit, 100 Tests","HIV 1/2, Determine Complete HIV Kit",Determine,,Test kit,100,7500,600000.0,80.0,0.8,Inverness Japan,Yes,2215,17662.98,1176.0
8475,106-HT-T01,Pre-PQ Process,SCMS-23790,ASN-2146,Haiti,PMO - US,Direct Drop,CIP,Air,Pre-PQ Process,5/20/08,20-Aug-08,20-Aug-08,20-Aug-08,HRDT,HIV test,Orasure Technologies Inc.,"HIV 1/2, OraQuick Advance HIV Rapid Antibody Kit, 100 Tests","HIV 1/2, OraQuick Advance HIV Rapid Antibody Kit",OraQuick,,Test kit,100,54,18900.0,350.0,3.5,"Pacific Biotech, Thailand",Yes,Weight Captured Separately,Freight Included in Commodity Cost,30.24
86267,114-UG-T30,FPQ-4497,SO-35850,DN-1649,Uganda,PMO - US,From RDC,N/A - From RDC,Air,10/28/09,N/A - From RDC,20-May-10,23-Dec-09,23-Dec-09,ARV,Adult,SCMS from RDC,"Zidovudine 300mg, tablets, 60 Tabs",Zidovudine,Generic,300mg,Tablet,60,6,45.18,7.53,0.13,"Aurobindo Unit III, India",Yes,Weight Captured Separately,Invoiced Separately,0.1
85925,101-CD-T30,FPQ-11054,SO-43680,DN-2981,"Congo, DRC",PMO - US,From RDC,N/A - From RDC,Air,11/16/12,N/A - From RDC,11-Sep-13,11-Sep-13,11-Sep-13,ARV,Adult,SCMS from RDC,"Lamivudine/Nevirapine/Zidovudine 150/200/300mg, tablets, 60 Tabs",Lamivudine/Nevirapine/Zidovudine,Generic,150/300/200mg,Tablet - FDC,60,24391,218787.27,8.97,0.15,"Aurobindo Unit III, India",No,See DN-2981 (ID#:82538),See DN-2981 (ID#:82538),270.64
85238,109-TZ-T30,FPQ-8297,SO-40613,DN-2558,Tanzania,PMO - US,From RDC,N/A - From RDC,Truck,8/22/11,N/A - From RDC,6-Apr-12,14-Feb-12,14-Feb-12,ARV,Adult,SCMS from RDC,"Zidovudine 300mg, tablets, 60 Tabs",Zidovudine,Generic,300mg,Tablet,60,39402,276602.04,7.02,0.12,Hetero Unit III Hyderabad IN,No,See DN-2558 (ID#:82453),See DN-2558 (ID#:82453),456.39
85732,151-NG-T30,FPQ-6243,SO-38320,DN-2090,Nigeria,PMO - US,From RDC,N/A - From RDC,Air Charter,8/25/10,N/A - From RDC,22-Feb-11,16-Feb-11,16-Feb-11,ARV,Adult,SCMS from RDC,"Lamivudine/Nevirapine/Zidovudine 150/200/300mg, tablets, 60 Tabs",Lamivudine/Nevirapine/Zidovudine,Generic,150/300/200mg,Tablet - FDC,60,100000,1122000.0,11.22,0.19,Mylan (formerly Matrix) Nashik,No,See DN-2090 (ID#:82366),See DN-2090 (ID#:82366),2419.03
42667,116-ZA-T30,FPQ-14942,SCMS-295800,ASN-33865,South Africa,PMO - US,Direct Drop,DDP,Truck,9/11/14,8/24/15,24-Aug-15,24-Aug-15,24-Aug-15,ARV,Adult,PHARMACY DIRECT,"Abacavir 300mg, tablets, 60 Tabs",Abacavir,Generic,300mg,Tablet,60,70,3749.42,53.56,0.89,"Aurobindo Unit III, India",No,Weight Captured Separately,Freight Included in Commodity Cost,3.85
59017,102-BW-T30,FPQ-6645,SCMS-92620,ASN-9373,Botswana,PMO - US,Direct Drop,EXW,Air,11/11/10,12/2/10,4-Feb-11,4-Feb-11,4-Feb-11,HRDT,HIV test,Premier Medical Corporation Ltd.,"HIV 1/2/O, First Response HIV 1-2.0, v.3.0 Cards Kit, 30 Tests","HIV 1/2/O, First Response HIV 1-2.0, v.3.0 Cards Kit",First Response,,Test kit,30,34,765.0,22.5,0.75,Premier Med. Corp Ltd. India,Yes,13,766.62,1.26
85676,114-UG-T30,FPQ-5238,SO-36050,DN-1846,Uganda,PMO - US,From RDC,N/A - From RDC,Air,3/2/10,N/A - From RDC,30-Jun-10,22-Jun-10,22-Jun-10,ARV,Adult,SCMS from RDC,"Emtricitabine/Tenofovir Disoproxil Fumarate 200/300mg, tablets, 30 Tabs",Emtricitabine/Tenofovir Disoproxil Fumarate,Generic,200/300mg,Tablet - FDC,30,6000,70500.0,11.75,0.39,Mylan (formerly Matrix) Nashik,Yes,493,7879.03,152.0
1941,133-NG-T01,Pre-PQ Process,SCMS-27060,ASN-2438,Nigeria,PMO - US,Direct Drop,EXW,Air,Pre-PQ Process,7/18/08,15-Oct-08,15-Oct-08,15-Oct-08,HRDT,HIV test - Ancillary,"Orgenics, Ltd","HIV, Lancet, Safety, for HIV Test kits, 100 Pcs","HIV, Lancet, Safety, for HIV Test kits, 100 Pcs",Generic,,Test kit - Ancillary,100,6502,65.02,0.01,0.0,Inverness Japan,Yes,1927,24870.05,0.1
5634,104-CI-T01,Pre-PQ Process,SCMS-18300,ASN-3434,Côte d'Ivoire,PMO - US,Direct Drop,EXW,Air,Pre-PQ Process,3/3/08,19-Mar-09,19-Mar-09,19-Mar-09,HRDT,HIV test,"Standard Diagnostics, Inc.","HIV 1/2, Bioline 3.0 Kit, Lancets, Capillary pipets, Alcohol swabs included, 25 Tests","HIV 1/2, Bioline 3.0 Kit, Lancets, Capillary pipets, Alcohol swabs included",Bioline,,Test kit,25,659,13180.0,20.0,0.8,"Standard Diagnostics, Korea",Yes,206,2358.13,25.83
86148,103-ZW-T30,FPQ-13967,SO-48442,DN-4020,Zimbabwe,PMO - US,From RDC,N/A - From RDC,Air,4/2/14,N/A - From RDC,30-Jan-15,5-Jan-15,9-Jan-15,ARV,Pediatric,SCMS from RDC,"Lamivudine/Nevirapine/Zidovudine 30/50/60mg, dispersible tablets, 60 Tabs",Lamivudine/Nevirapine/Zidovudine,Generic,30/50/60mg,Chewable/dispersible tablet - FDC,60,20000,75000.0,3.75,0.06,"Strides, Bangalore, India.",Yes,1920,5055.8,77.1
15999,109-TZ-T30,FPQ-12540,SCMS-198780,ASN-20860,Tanzania,PMO - US,Direct Drop,EXW,Air,7/3/13,7/16/13,24-Sep-13,24-Sep-13,24-Sep-13,ARV,Adult,Aurobindo Pharma Limited,"Lamivudine/Nevirapine/Zidovudine 150/200/300mg, tablets, 60 Tabs",Lamivudine/Nevirapine/Zidovudine,Generic,150/300/200mg,Tablet - FDC,60,36426,296143.38,8.13,0.14,"Aurobindo Unit III, India",Yes,4609,17581.92,366.33
85722,117-ET-T30,FPQ-6428,SO-37620,DN-2050,Ethiopia,PMO - US,From RDC,N/A - From RDC,Air,9/24/10,N/A - From RDC,19-Nov-10,8-Nov-10,8-Nov-10,ARV,Adult,SCMS from RDC,"Zidovudine 300mg, tablets, 60 Tabs",Zidovudine,Generic,300mg,Tablet,60,500,3605.0,7.21,0.12,"Aurobindo Unit III, India",No,See DN-2050 (ID#:82926),See DN-2050 (ID#:82926),7.77
82927,104-CI-T30,FPQ-5623,SO-36870,DN-2060,Côte d'Ivoire,PMO - US,From RDC,N/A - From RDC,Air,5/7/10,N/A - From RDC,30-Nov-10,22-Dec-10,22-Dec-10,ARV,Adult,SCMS from RDC,"Nevirapine 200mg, tablets, 60 Tabs",Nevirapine,Generic,200mg,Tablet,60,233,619.78,2.66,0.04,"Strides, Bangalore, India.",Yes,1161,7826.75,1.34
86372,110-ZM-T30,FPQ-6677,SO-38050,DN-2143,Zambia,PMO - US,From RDC,N/A - From RDC,Truck,11/8/10,N/A - From RDC,15-Apr-11,5-Apr-11,5-Apr-11,ARV,Adult,SCMS from RDC,"Abacavir 300mg, tablets, 60 Tabs",Abacavir,Generic,300mg,Tablet,60,20000,317800.0,15.89,0.26,Mylan (formerly Matrix) Nashik,No,See DN-2143 (ID#:84632),See DN-2143 (ID#:84632),524.37
60811,114-UG-T30,FPQ-5457,SCMS-75280,ASN-7478,Uganda,PMO - US,Direct Drop,FCA,Air,5/7/10,6/7/10,19-Jul-10,19-Jul-10,19-Jul-10,ARV,Adult,ABBVIE LOGISTICS (FORMERLY ABBOTT LOGISTICS BV),"Ritonavir 100mg [Norvir], capsules, cool, 4 x 84 Caps",Ritonavir,Norvir,100mg,Capsule,336,15,575.4,38.36,0.11,ABBVIE (Abbott) Logis. UK,Yes,53,708.2,1.24
7421,119-NA-T01,Pre-PQ Process,SCMS-31190,ASN-2718,Namibia,PMO - US,Direct Drop,CIP,Air,Pre-PQ Process,9/24/08,28-Oct-08,28-Oct-08,28-Oct-08,HRDT,HIV test,"Orgenics, Ltd","HIV 1/2, Clearview Complete Kit, 25 Tests","HIV 1/2, Clearview Complete Kit",Clearview,,Test kit,25,7,525.0,75.0,3.0,Inverness USA,Yes,3,85.27,1.03
49406,109-TZ-T30,FPQ-13945,SCMS-235430,ASN-28430,Tanzania,PMO - US,Direct Drop,EXW,Air,3/27/14,4/29/14,10-Dec-14,10-Dec-14,10-Dec-14,HRDT,HIV test,"Orgenics, Ltd","HIV 1/2, Determine Complete HIV Kit, 100 Tests","HIV 1/2, Determine Complete HIV Kit",Determine,,Test kit,100,504,40320.0,80.0,0.8,"Alere Medical Co., Ltd.",Yes,204,2788.07,41.45
32508,116-ZA-T30,FPQ-14942,SCMS-259073,ASN-30671,South Africa,PMO - US,Direct Drop,DDP,Truck,9/11/14,2/12/15,12-Feb-15,12-Feb-15,12-Feb-15,ARV,Pediatric,PHARMACY DIRECT,"Efavirenz 50mg, capsule, 30 Caps",Efavirenz,Generic,50mg,Capsule,30,9,19.55,2.17,0.07,"Aurobindo Unit III, India",No,Weight Captured Separately,Freight Included in Commodity Cost,0.02
56495,133-NG-T30,FPQ-7553,SCMS-108700,ASN-12000,Nigeria,PMO - US,Direct Drop,EXW,Air,4/28/11,5/18/11,12-Sep-11,12-Sep-11,12-Sep-11,HRDT,HIV test,"Trinity Biotech, Plc","HIV 1/2, Uni-Gold HIV Kit, 20 Tests","HIV 1/2, Uni-Gold HIV Kit",Uni-Gold,,Test kit,20,5791,185312.0,32.0,1.6,"Trinity Biotech, Plc",Yes,1918,24147.39,305.76
85751,104-CI-T30,FPQ-6499,SO-37730,DN-2158,Côte d'Ivoire,PMO - US,From RDC,N/A - From RDC,Air,10/4/10,N/A - From RDC,24-Mar-11,7-Jun-11,7-Jun-11,ARV,Adult,SCMS from RDC,"Efavirenz/Emtricitabine/Tenofovir Disoproxil Fumarate 600/200/300mg, tablets, 30 Tabs",Efavirenz/Emtricitabine/Tenofovir Disoproxil Fumarate,Generic,600/200/300mg,Tablet - FDC,30,300,5976.0,19.92,0.66,Mylan (formerly Matrix) Nashik,No,See DN-2158 (ID#:84075),See DN-2158 (ID#:84075),9.86
21390,108-VN-T30,FPQ-14516,SCMS-251671,ASN-29771,Vietnam,PMO - US,Direct Drop,EXW,Air,7/9/14,11/24/14,15-Jan-15,15-Jan-15,24-Feb-15,ARV,Adult,MYLAN LABORATORIES LTD (FORMERLY MATRIX LABORATORIES),"Abacavir 300mg, tablets, 60 Tabs",Abacavir,Generic,300mg,Tablet,60,1200,13308.0,11.09,0.18,Mylan (formerly Matrix) Nashik,Yes,128,1069.31,13.68
74337,116-ZA-T30,FPQ-13035,SCMS-215370,ASN-24415,South Africa,PMO - US,Direct Drop,DDP,Truck,10/8/13,12/2/13,6-Feb-14,6-Feb-14,6-Feb-14,ARV,Adult,S. BUYS WHOLESALER,"Efavirenz 600mg, tablets, 30 Tabs",Efavirenz,Generic,600mg,Tablet,30,2348,34277.51,14.6,0.49,"Aurobindo Unit III, India",No,Weight Captured Separately,Freight Included in Commodity Cost,42.4
10500,116-ZA-T01,Pre-PQ Process,SCMS-47052,ASN-5369,South Africa,PMO - US,Direct Drop,DDP,Truck,Pre-PQ Process,6/5/09,12-Oct-09,12-Oct-09,12-Oct-09,ARV,Pediatric,S. BUYS WHOLESALER,"Zidovudine 10mg/ml, oral solution, Bottle, 240 ml",Zidovudine,Generic,10mg/ml,Oral solution,240,200,1410.0,7.05,0.03,"Aurobindo Unit III, India",Yes,Weight Captured Separately,Freight Included in Commodity Cost,3.04
12710,104-CI-T01,Pre-PQ Process,SO-963,DN-323,Côte d'Ivoire,PMO - US,From RDC,N/A - From RDC,,Pre-PQ Process,N/A - From RDC,14-Sep-07,14-Sep-07,14-Sep-07,ARV,Pediatric,SCMS from RDC,"Abacavir 20mg/ml, oral solution, Bottle, 240 ml",Abacavir,Generic,20mg/ml,Oral solution,240,1500,24750.0,16.5,0.07,"Aurobindo Unit III, India",No,See DN-323 (ID#:10588),See DN-323 (ID#:10588),39.6
82590,102-BI-T30,FPQ-12065,SO-45160,DN-3235,Burundi,PMO - US,From RDC,N/A - From RDC,Air,4/22/13,N/A - From RDC,6-Aug-13,23-Aug-13,23-Aug-13,ARV,Adult,SCMS from RDC,"Efavirenz 600mg, tablets, 30 Tabs",Efavirenz,Generic,600mg,Tablet,30,4032,13426.56,3.33,0.11,"Aurobindo Unit III, India",Yes,336,4385.44,16.61
11248,110-ZM-T01,Pre-PQ Process,SO-1893,DN-777,Zambia,PMO - US,From RDC,N/A - From RDC,Truck,Pre-PQ Process,N/A - From RDC,19-Jun-08,19-Jun-08,19-Jun-08,ARV,Adult,SCMS from RDC,"Efavirenz 600mg, tablets, 30 Tabs",Efavirenz,Generic,600mg,Tablet,30,50000,600500.0,12.01,0.4,Mylan (formerly Matrix) Nashik,Yes,3422,5936.99,960.8
37753,108-VN-T30,FPQ-11417,SCMS-174410,ASN-18761,Vietnam,PMO - US,Direct Drop,EXW,Air,1/10/13,1/22/13,5-Jun-13,5-Jun-13,5-Jun-13,ARV,Adult,HETERO LABS LIMITED,"Nevirapine 200mg, tablets, 60 Tabs",Nevirapine,Generic,200mg,Tablet,60,23003,50836.63,2.21,0.04,Hetero Unit III Hyderabad IN,Yes,1483,11346.48,62.88
82548,151-NG-T30,FPQ-10477,SO-44550,DN-3028,Nigeria,PMO - US,From RDC,N/A - From RDC,Air Charter,8/9/12,N/A - From RDC,15-Mar-13,21-Feb-13,21-Feb-13,ARV,Adult,SCMS from RDC,"Nevirapine 200mg, tablets, 60 Tabs",Nevirapine,Generic,200mg,Tablet,60,33571,75870.46,2.26,0.04,Hetero Unit III Hyderabad IN,Yes,12785,37242.5,106.37
83438,110-ZM-T30,FPQ-4809,SO-35510,DN-1892,Zambia,PMO - US,From RDC,N/A - From RDC,Truck,1/6/10,N/A - From RDC,21-Jul-10,8-Jul-10,8-Jul-10,ARV,Adult,SCMS from RDC,"Abacavir 300mg, tablets, 60 Tabs",Abacavir,Generic,300mg,Tablet,60,9545,163601.3,17.14,0.29,Mylan (formerly Matrix) Nashik,Yes,947,13232.09,352.72
83278,109-TZ-T30,FPQ-13566,SO-47654,DN-3932,Tanzania,PMO - US,From RDC,N/A - From RDC,Truck,1/15/14,N/A - From RDC,31-Oct-14,22-Oct-14,4-Nov-14,ARV,Pediatric,SCMS from RDC,"Lamivudine/Zidovudine 30/60mg, dispersible tablets, 60 Tabs",Lamivudine/Zidovudine,Generic,30/60mg,Chewable/dispersible tablet - FDC,60,11688,25129.2,2.15,0.04,"Cipla, Goa, India",Yes,1673,5364.61,25.83
20236,101-CD-T30,FPQ-14255,SCMS-239810,ASN-27324,"Congo, DRC",PMO - US,Direct Drop,EXW,Air,5/15/14,5/19/14,30-Sep-14,30-Sep-14,21-Oct-14,ARV,Pediatric,Aurobindo Pharma Limited,"Didanosine 200mg, delayed-release capsules, 30 Caps",Didanosine,Generic,200mg,Delayed-release capsules,30,550,6050.0,11.0,0.37,"Aurobindo Unit III, India",No,See ASN-27324 (ID#:13842),See ASN-27324 (ID#:13842),6.22
84215,101-CD-T30,FPQ-11054,SO-43680,DN-2981,"Congo, DRC",PMO - US,From RDC,N/A - From RDC,Air,11/16/12,N/A - From RDC,11-Sep-13,11-Sep-13,11-Sep-13,ARV,Adult,SCMS from RDC,"Lamivudine 150mg, tablets, 60 Tabs",Lamivudine,Generic,150mg,Tablet,60,123,244.77,1.99,0.03,Hetero Unit III Hyderabad IN,No,See DN-2981 (ID#:82538),See DN-2981 (ID#:82538),0.3
21380,110-ZM-T30,FPQ-6263,SCMS-87290,ASN-9000,Zambia,PMO - US,Direct Drop,EXW,Air,9/8/10,10/7/10,17-Dec-10,21-Dec-10,21-Dec-10,HRDT,HIV test,"Orgenics, Ltd","HIV 1/2, Determine Complete HIV Kit, 100 Tests","HIV 1/2, Determine Complete HIV Kit",Determine,,Test kit,100,2415,193200.0,80.0,0.8,Inverness Japan,Yes,1167,19610.11,416.54
11947,123-NG-T01,Pre-PQ Process,SO-2554,DN-960,Nigeria,PMO - US,From RDC,N/A - From RDC,Air,Pre-PQ Process,N/A - From RDC,30-Oct-08,30-Oct-08,30-Oct-08,ARV,Pediatric,SCMS from RDC,"Efavirenz 200mg, capsule, 90 Caps",Efavirenz,Generic,200mg,Capsule,90,1132,18112.0,16.0,0.18,"Aurobindo Unit III, India",No,See DN-960 (ID#:11945),See DN-960 (ID#:11945),35.5
12236,112-NG-T01,Pre-PQ Process,SO-11031,DN-901,Nigeria,PMO - US,From RDC,N/A - From RDC,Air,Pre-PQ Process,N/A - From RDC,10-Sep-08,10-Sep-08,10-Sep-08,ARV,Adult,SCMS from RDC,"Tenofovir Disoproxil Fumarate 300mg, tablets, 30 Tabs",Tenofovir Disoproxil Fumarate,Generic,300mg,Tablet,30,196,2677.36,13.66,0.46,Mylan (formerly Matrix) Nashik,Yes,12,900,4.28
12772,104-CI-T01,Pre-PQ Process,SO-1679,DN-581,Côte d'Ivoire,PMO - US,From RDC,N/A - From RDC,Air,Pre-PQ Process,N/A - From RDC,5-Feb-08,5-Feb-08,5-Feb-08,ARV,Adult,SCMS from RDC,"Abacavir 300mg, tablets, 60 Tabs",Abacavir,Generic,300mg,Tablet,60,5836,160665.08,27.53,0.46,"Aurobindo Unit III, India",No,See DN-581 (ID#:10667),See DN-581 (ID#:10667),257.06
12507,104-CI-T01,Pre-PQ Process,SO-1838,DN-632,Côte d'Ivoire,PMO - US,From RDC,N/A - From RDC,Air,Pre-PQ Process,N/A - From RDC,13-Mar-08,13-Mar-08,13-Mar-08,HRDT,HIV test,SCMS from RDC,"HIV 1/2, Determine HIV Kit, without Lancets, 100 Tests","HIV 1/2, Determine HIV Kit, without Lancets",Determine,,Test kit,100,250,17997.5,71.99,0.72,Inverness Japan,No,See DN-632 (ID#:11547),See DN-632 (ID#:11547),28.8
82387,151-NG-T30,FPQ-7217,SO-39850,DN-2245,Nigeria,PMO - US,From RDC,N/A - From RDC,Air Charter,2/21/11,N/A - From RDC,15-Jun-11,6-Jul-11,6-Jul-11,ARV,Pediatric,SCMS from RDC,"Efavirenz 200mg, capsule, 90 Caps",Efavirenz,Generic,200mg,Capsule,90,1280,12403.2,9.69,0.11,"Aurobindo Unit III, India",Yes,177,13398.06,20.47
85478,104-CI-T30,FPQ-13142,SO-47152,DN-3731,Côte d'Ivoire,PMO - US,From RDC,N/A - From RDC,Truck,10/22/13,N/A - From RDC,16-Jun-14,16-Jun-14,10-Jul-14,ARV,Adult,SCMS from RDC,"Lamivudine/Nevirapine/Zidovudine 150/200/300mg, tablets, 60 Tabs",Lamivudine/Nevirapine/Zidovudine,Generic,150/300/200mg,Tablet - FDC,60,24765,200844.15,8.11,0.14,"Strides, Bangalore, India.",Yes,2751,11438.93,206.47
39133,109-TZ-T30,FPQ-11919,SCMS-205480,ASN-22109,Tanzania,PMO - US,Direct Drop,EXW,Air,3/25/13,9/11/13,2-Dec-13,2-Dec-13,2-Dec-13,HRDT,HIV test,"Orgenics, Ltd","HIV 1/2, Determine Complete HIV Kit, 100 Tests","HIV 1/2, Determine Complete HIV Kit",Determine,,Test kit,100,3,240.0,80.0,0.8,"Alere Medical Co., Ltd.",Yes,2,925.04,0.3
38632,106-HT-T30,FPQ-14083,SCMS-240130,ASN-28761,Haiti,PMO - US,Direct Drop,EXW,Ocean,5/11/14,6/2/14,9-Jan-15,9-Jan-15,12-Jan-15,ARV,Adult,MICRO LABS LIMITED,"Lamivudine 150mg, tablets, 60 Tabs",Lamivudine,Generic,150mg,Tablet,60,960,1651.2,1.72,0.03,"Micro labs, Verna, Goa, India",Yes,8385,12336.45,1.7
73807,161-ZA-T30,FPQ-5303,SCMS-68940,ASN-8041,South Africa,PMO - US,Direct Drop,DDP,Air,3/18/10,3/19/10,7-Sep-10,27-Oct-10,27-Oct-10,ARV,Adult,Aurobindo Pharma Limited,"Efavirenz 600mg, tablets, 30 Tabs",Efavirenz,Generic,600mg,Tablet,30,29380,137204.6,4.67,0.16,"Aurobindo Unit III, India",Yes,Weight Captured Separately,Freight Included in Commodity Cost,295.81
82696,151-NG-T30,FPQ-13293,SO-47273,DN-3801,Nigeria,PMO - US,From RDC,N/A - From RDC,Air Charter,11/19/13,N/A - From RDC,31-Jul-14,20-Jun-14,25-Jun-14,ARV,Adult,SCMS from RDC,"Lamivudine/Nevirapine/Zidovudine 150/200/300mg, tablets, 60 Tabs",Lamivudine/Nevirapine/Zidovudine,Generic,150/300/200mg,Tablet - FDC,60,97000,786670.0,8.11,0.14,Mylan (formerly Matrix) Nashik,Yes,12823,28812.57,808.7
11043,114-UG-T01,Pre-PQ Process,SO-30060,DN-1227,Uganda,PMO - US,From RDC,N/A - From RDC,Air,Pre-PQ Process,N/A - From RDC,1-Jun-09,1-Jun-09,1-Jun-09,ARV,Adult,SCMS from RDC,"Lopinavir/Ritonavir 200/50mg [Aluvia], tablets, 120 Tabs",Lopinavir/Ritonavir,Aluvia,200/50mg,Tablet,120,100,4110.0,41.1,0.34,ABBVIE Ludwigshafen Germany,Yes,23,1152.63,8.06
20961,108-VN-T30,FPQ-11560,SCMS-177620,ASN-20368,Vietnam,PMO - US,Direct Drop,EXW,Air,2/7/13,2/13/13,1-Aug-13,1-Aug-13,1-Aug-13,ARV,Adult,MYLAN LABORATORIES LTD (FORMERLY MATRIX LABORATORIES),"Efavirenz/Lamivudine/Tenofovir Disoproxil Fumarate 600/300/300mg, tablets, 30 Tabs",Efavirenz/Lamivudine/Tenofovir Disoproxil Fumarate,Generic,600/300/300mg,Tablet - FDC,30,27122,311631.78,11.49,0.38,Mylan (formerly Matrix) Nashik,Yes,2843,9740.27,385.49
50498,116-ZA-T30,FPQ-15269,SCMS-267020,ASN-29764,South Africa,PMO - US,Direct Drop,DDP,Truck,10/29/14,12/10/14,10-Dec-14,10-Dec-14,10-Dec-14,ARV,Pediatric,S. BUYS WHOLESALER,"Lamivudine 10mg/ml, oral solution, Bottle, 240 ml",Lamivudine,Generic,10mg/ml,Oral solution,240,36,228.01,6.33,0.03,"Aurobindo Unit III, India",No,Weight Captured Separately,Freight Included in Commodity Cost,0.27
10931,117-ET-T01,Pre-PQ Process,SO-1513,DN-516,Ethiopia,PMO - US,From RDC,N/A - From RDC,Air,Pre-PQ Process,N/A - From RDC,10-Jan-08,10-Jan-08,10-Jan-08,ARV,Adult,SCMS from RDC,"Tenofovir Disoproxil Fumarate 300mg [Viread], tablets, 30 Tabs",Tenofovir Disoproxil Fumarate,Viread,300mg,Tablet,30,591,10047.0,17.0,0.57,Gilead(Nycomed) Oranienburg DE,Yes,37,504,16.08
34582,108-VN-T30,FPQ-13524,SCMS-226211,ASN-27939,Vietnam,PMO - US,Direct Drop,EXW,Air,2/6/14,6/27/14,27-Oct-14,27-Oct-14,28-Oct-14,ARV,Adult,MYLAN LABORATORIES LTD (FORMERLY MATRIX LABORATORIES),"Lamivudine/Zidovudine 150/300mg, tablets, 60 Tabs",Lamivudine/Zidovudine,Generic,150/300mg,Tablet - FDC,60,8000,51920.0,6.49,0.11,Mylan (formerly Matrix) Nashik,Yes,696,1599.67,53.37
86286,151-NG-T30,FPQ-4537,SO-35093,DN-1744,Nigeria,PMO - US,From RDC,N/A - From RDC,Air Charter,11/6/09,N/A - From RDC,19-Apr-10,31-Mar-10,31-Mar-10,ARV,Adult,SCMS from RDC,"Zidovudine 300mg, tablets, 60 Tabs",Zidovudine,Generic,300mg,Tablet,60,1000,7500.0,7.5,0.12,Mylan (formerly Matrix) Nashik,Yes,Weight Captured Separately,Invoiced Separately,16.17
47722,116-ZA-T30,FPQ-14942,SCMS-259079,ASN-33851,South Africa,PMO - US,Direct Drop,DDP,Truck,9/11/14,10/9/14,24-Aug-15,24-Aug-15,24-Aug-15,ARV,Adult,PHARMACY DIRECT,"Emtricitabine/Tenofovir Disoproxil Fumarate 200/300mg, tablets, 30 Tabs",Emtricitabine/Tenofovir Disoproxil Fumarate,Generic,200/300mg,Tablet - FDC,30,10,234.38,23.44,0.78,"Aurobindo Unit III, India",No,Weight Captured Separately,Freight Included in Commodity Cost,0.24
24192,102-KE-T30,FPQ-6406,SCMS-88211,ASN-9549,Kenya,PMO - US,Direct Drop,EXW,Air,9/27/10,11/22/10,10-Feb-11,10-Feb-11,10-Feb-11,HRDT,HIV test,"Orgenics, Ltd","HIV 1/2, Determine Complete HIV Kit, 100 Tests","HIV 1/2, Determine Complete HIV Kit",Determine,,Test kit,100,1,89.0,89.0,0.89,Inverness Japan,Yes,800,8826,0.19
52646,105-GY-T30,FPQ-8025,SCMS-116170,ASN-12905,Guyana,PMO - US,Direct Drop,FCA,Air,7/11/11,7/27/11,30-Nov-11,30-Nov-11,30-Nov-11,ARV,Pediatric,ABBVIE LOGISTICS (FORMERLY ABBOTT LOGISTICS BV),"Lopinavir/Ritonavir 80/20mg/ml [Kaletra], oral solution, cool, Bottle 5 x 60 ml",Lopinavir/Ritonavir,Kaletra,80/20mg/ml,Oral solution,300,51,4192.2,82.2,0.27,ABBVIE (Abbott) Logis. UK,Yes,99,1454.81,6.92
29427,108-VN-T30,FPQ-6384,SCMS-87760,ASN-9568,Vietnam,PMO - US,Direct Drop,EXW,Air,9/30/10,10/14/10,28-Feb-11,28-Feb-11,28-Feb-11,ARV,Adult,MYLAN LABORATORIES LTD (FORMERLY MATRIX LABORATORIES),"Tenofovir Disoproxil Fumarate 300mg, tablets, 30 Tabs",Tenofovir Disoproxil Fumarate,Generic,300mg,Tablet,30,3696,24948.0,6.75,0.22,Mylan (formerly Matrix) Nashik,Yes,314,4885.33,53.79
85099,151-NG-T30,FPQ-4537,SO-35073,DN-1731,Nigeria,PMO - US,From RDC,N/A - From RDC,Air Charter,11/6/09,N/A - From RDC,19-Apr-10,31-Mar-10,31-Mar-10,ARV,Adult,SCMS from RDC,"Emtricitabine/Tenofovir Disoproxil Fumarate 200/300mg, tablets, 30 Tabs",Emtricitabine/Tenofovir Disoproxil Fumarate,Generic,200/300mg,Tablet - FDC,30,35000,411250.0,11.75,0.39,Mylan (formerly Matrix) Nashik,Yes,2825,Freight Included in Commodity Cost,886.66
86019,102-BI-T30,FPQ-12065,SO-45181,DN-3423,Burundi,PMO - US,From RDC,N/A - From RDC,Air,4/22/13,N/A - From RDC,31-Dec-13,17-Feb-14,24-Feb-14,ARV,Pediatric,SCMS from RDC,"Lamivudine 10mg/ml, oral solution w/syringe, Bottle, 240 ml",Lamivudine,Generic,10mg/ml,Oral solution,240,549,796.05,1.45,0.01,"Aurobindo Unit III, India",Yes,201,1530.81,0.98
31368,901-NA-T30,FPQ-14728,SCMS-252630,ASN-29183,Namibia,PMO - US,Direct Drop,EXW,Air,7/30/14,8/19/14,25-Nov-14,25-Nov-14,26-Nov-14,ARV,Adult,MYLAN LABORATORIES LTD (FORMERLY MATRIX LABORATORIES),"Efavirenz/Emtricitabine/Tenofovir Disoproxil Fumarate 600/200/300mg, tablets, 30 Tabs",Efavirenz/Emtricitabine/Tenofovir Disoproxil Fumarate,Generic,600/200/300mg,Tablet - FDC,30,13000,136500.0,10.5,0.35,"Mylan,  H-12 & H-13, India",Yes,3575,17969.34,140.32
12026,100-CI-T01,Pre-PQ Process,SO-283,DN-16,Côte d'Ivoire,PMO - US,From RDC,N/A - From RDC,,Pre-PQ Process,N/A - From RDC,22-Feb-07,22-Feb-07,22-Feb-07,ARV,Adult,SCMS from RDC,"Lamivudine/Zidovudine 150/300mg, tablets, 60 Tabs",Lamivudine/Zidovudine,Generic,150/300mg,Tablet - FDC,60,2770,28392.5,10.25,0.17,"Aurobindo Unit III, India",No,See DN-16 (ID#:10540),See DN-16 (ID#:10540),
12231,111-MZ-T01,Pre-PQ Process,SO-15080,DN-1034,Mozambique,PMO - US,From RDC,N/A - From RDC,Air,Pre-PQ Process,N/A - From RDC,21-Feb-09,21-Feb-09,21-Feb-09,ARV,Adult,SCMS from RDC,"Nevirapine 200mg, tablets, 60 Tabs",Nevirapine,Generic,200mg,Tablet,60,6,19.2,3.2,0.05,Hetero Unit III Hyderabad IN,No,See DN-1034 (ID#:10732),See DN-1034 (ID#:10732),0.04
29968,107-RW-T30,FPQ-6417,SCMS-86430,ASN-8406,Rwanda,PMO - US,Direct Drop,EXW,Air,9/20/10,9/21/10,20-Oct-10,20-Oct-10,20-Oct-10,HRDT,HIV test,"Standard Diagnostics, Inc.","HIV 1/2, Bioline 3.0 Kit, (no accessories), 30 Tests","HIV 1/2, Bioline 3.0 Kit (no accessories)",Bioline,,Test kit,30,1700,40800.0,24.0,0.8,"Standard Diagnostics, Korea",Yes,604,8823.41,87.96
83416,151-NG-T30,FPQ-4537,SO-34890,DN-1762,Nigeria,PMO - US,From RDC,N/A - From RDC,Air,11/6/09,N/A - From RDC,19-Apr-10,31-Mar-10,31-Mar-10,ARV,Adult,SCMS from RDC,"Nevirapine 200mg, tablets, 60 Tabs",Nevirapine,Generic,200mg,Tablet,60,15000,40950.0,2.73,0.05,"Aurobindo Unit III, India",Yes,1444,124350.84,88.29
37481,107-RW-T30,FPQ-5792,SCMS-75790,ASN-7839,Rwanda,PMO - US,Direct Drop,EXW,Air,6/7/10,7/22/10,9-Sep-10,9-Sep-10,9-Sep-10,HRDT,HIV test,"Orgenics, Ltd","HIV 1/2, Determine HIV Kit, without Lancets, 100 Tests","HIV 1/2, Determine HIV Kit, without Lancets",Determine,,Test kit,100,5000,388500.0,77.7,0.78,Inverness Japan,Yes,1136,49573.62,837.61
83809,110-ZM-T30,FPQ-13222,SO-47210,DN-3756,Zambia,PMO - US,From RDC,N/A - From RDC,Truck,10/31/13,N/A - From RDC,30-Jun-14,4-Jul-14,4-Aug-14,ARV,Adult,SCMS from RDC,"Lamivudine/Stavudine 150/30mg, tablets, 60 Tabs",Lamivudine/Stavudine,Generic,150/30mg,Tablet - FDC,60,5232,13027.68,2.49,0.04,Hetero Unit III Hyderabad IN,Yes,414,770.14,13.39
83107,111-MZ-T30,FPQ-11033,SO-43760,DN-3012,Mozambique,PMO - US,From RDC,N/A - From RDC,Truck,11/12/12,N/A - From RDC,1-Apr-13,22-Mar-13,22-Mar-13,ARV,Adult,SCMS from RDC,"Lamivudine/Zidovudine 150/300mg, tablets, 60 Tabs",Lamivudine/Zidovudine,Generic,150/300mg,Tablet - FDC,60,39096,284227.92,7.27,0.12,"Aurobindo Unit III, India",Yes,3591,7733.77,351.59
36204,106-HT-T30,FPQ-12590,SCMS-210450,ASN-23820,Haiti,PMO - US,Direct Drop,FCA,Air,8/21/13,10/22/13,28-Feb-14,28-Feb-14,3-Mar-14,ARV,Pediatric,ABBVIE LOGISTICS (FORMERLY ABBOTT LOGISTICS BV),"Lopinavir/Ritonavir 80/20mg/ml [Kaletra], oral solution, cool, Bottle 5 x 60 ml",Lopinavir/Ritonavir,Kaletra,80/20mg/ml,Oral solution,300,10,308.2,30.82,0.1,ABBVIE (Abbott) Logis. UK,Yes,38,1347,0.38
61694,116-ZA-T30,FPQ-13973,SCMS-238551,ASN-26882,South Africa,PMO - US,Direct Drop,DDP,Truck,4/30/14,6/25/14,25-Jun-14,25-Jun-14,25-Jun-14,ARV,Pediatric,PHARMACY DIRECT,"Lamivudine 10mg/ml, oral solution, Bottle, 240 ml",Lamivudine,Generic,10mg/ml,Oral solution,240,6,42.91,7.15,0.03,"Aurobindo Unit III, India",No,Weight Captured Separately,Freight Included in Commodity Cost,0.04
12307,111-MZ-T01,Pre-PQ Process,SO-26420,DN-1377,Mozambique,PMO - US,From RDC,N/A - From RDC,Truck,Date Not Captured,N/A - From RDC,17-Sep-09,17-Sep-09,17-Sep-09,ARV,Adult,SCMS from RDC,"Lamivudine/Nevirapine/Stavudine 150/200/30mg, tablets, 60 Tabs",Lamivudine/Nevirapine/Stavudine,Generic,150/200/30mg,Tablet - FDC,60,76000,541120.0,7.12,0.12,"Strides, Bangalore, India.",Yes,5597,1799.88,1060.6
2441,114-UG-T01,Pre-PQ Process,SCMS-41240,ASN-3904,Uganda,PMO - US,Direct Drop,CIP,Air,Pre-PQ Process,3/19/09,4-May-09,4-May-09,4-May-09,ARV,Adult,BRISTOL-MYERS SQUIBB,"Didanosine EC 250mg [Videx EC], delayed-release capsules, Blister 3 x 10 Caps",Didanosine EC,Videx EC,250mg,Delayed-release capsules - blister,30,60,1100.4,18.34,0.61,"BMS Meymac, France",Yes,3000,428.91,2.16
82987,111-MZ-T30,FPQ-8157,SO-40330,DN-2417,Mozambique,PMO - US,From RDC,N/A - From RDC,Truck,8/4/11,N/A - From RDC,30-Nov-11,14-Dec-11,14-Dec-11,ARV,Pediatric,SCMS from RDC,"Zidovudine 10mg/ml, oral solution w/syringe, Bottle, 240 ml",Zidovudine,Generic,10mg/ml,Oral solution,240,2350,4935.0,2.1,0.01,"Aurobindo Unit III, India",Yes,904,573.43,8.14
82464,114-UG-T30,FPQ-9321,SO-41520,DN-2597,Uganda,PMO - US,From RDC,N/A - From RDC,Truck,2/10/12,N/A - From RDC,24-Apr-12,27-Feb-12,27-Feb-12,ARV,Adult,SCMS from RDC,"Nevirapine 200mg, tablets, 60 Tabs",Nevirapine,Generic,200mg,Tablet,60,1700,4267.0,2.51,0.04,"Strides, Bangalore, India.",No,See DN-2597 (ID#:82462),See DN-2597 (ID#:82462),5.98
3049,104-CI-T01,Pre-PQ Process,SCMS-18420,ASN-1468,Côte d'Ivoire,PMO - US,Direct Drop,EXW,Air,Pre-PQ Process,2/28/08,8-Apr-08,8-Apr-08,8-Apr-08,HRDT,HIV test,"Orgenics, Ltd","HIV 1/2, Determine HIV Kit, without Lancets, 100 Tests","HIV 1/2, Determine HIV Kit, without Lancets",Determine,,Test kit,100,70,5039.3,71.99,0.72,Inverness Japan,Yes,16,515.48,8.06
85577,104-SZ-T30,FPQ-15985,SO-51110,DN-4194,Swaziland,PMO - US,From RDC,N/A - From RDC,Truck,2/26/15,N/A - From RDC,6-Apr-15,26-Mar-15,26-Mar-15,ARV,Adult,SCMS from RDC,"Efavirenz/Lamivudine/Tenofovir Disoproxil Fumarate 600/300/300mg, tablets, 30 Tabs",Efavirenz/Lamivudine/Tenofovir Disoproxil Fumarate,Generic,600/300/300mg,Tablet - FDC,30,65000,649350.0,9.99,0.33,Mylan (formerly Matrix) Nashik,Yes,7403,4971.05,764.28
75595,122-HT-T30,FPQ-8671,SCMS-131030,ASN-13447,Haiti,PMO - US,Direct Drop,EXW,Air,11/9/11,12/29/11,23-Jan-12,23-Jan-12,23-Jan-12,MRDT,Malaria,"Standard Diagnostics, Inc.","Malaria Antigen P.f , HRP2, Kit, 25 Tests","Malaria Antigen P.f , HRP2, Kit",Generic,,Test kit,25,4,45.0,11.25,0.45,"Standard Diagnostics, Korea",Yes,2,702.42,0.06
32594,103-CM-T30,FPQ-10128,SCMS-151600,ASN-16107,Cameroon,PMO - US,Direct Drop,EXW,Air,6/22/12,7/16/12,10-Sep-12,10-Sep-12,10-Sep-12,HRDT,HIV test,"Orgenics, Ltd","HIV 1/2, Determine Kit without Lancets, Buffer or Caplillary Tubes, 100 Tests","HIV 1/2, Determine Kit without Lancets, Buffer or Capillary Tubes, 100 Tests",Determine,,Test kit,100,120,8658.0,72.15,0.72,"Alere Medical Co., Ltd.",Yes,22,1243.98,12.14
63782,161-ZA-T30,FPQ-7175,SCMS-103690,ASN-11306,South Africa,PMO - US,Direct Drop,DDP,Ocean,3/10/11,3/23/11,2-Nov-11,2-Nov-11,2-Nov-11,ARV,Adult,EMCURE PHARMACEUTICALS LTD,"Efavirenz 600mg, tablets, 30 Tabs",Efavirenz,Generic,600mg,Tablet,30,113020,485986.0,4.3,0.14,"Emcure Plot No.P-2, I.T-B.T. Park, Phase II, MIDC, Hinjwadi, Pune, India",Yes,8826,7609.7,801.88
83507,100-BJ-T30,FPQ-7658,SO-39810,DN-2250,Benin,PMO - US,From RDC,N/A - From RDC,Air,5/15/11,N/A - From RDC,13-Jun-11,30-Jun-11,30-Jun-11,ARV,Adult,SCMS from RDC,"Lopinavir/Ritonavir 200/50mg [Aluvia], tablets, 120 Tabs",Lopinavir/Ritonavir,Aluvia,200/50mg,Tablet,120,611,20615.14,33.74,0.28,ABBVIE Ludwigshafen Germany,Yes,129,6477.67,34.01
86027,109-TZ-T30,FPQ-12587,SO-45995,DN-3458,Tanzania,PMO - US,From RDC,N/A - From RDC,Truck,7/4/13,N/A - From RDC,31-Dec-13,25-Feb-14,13-Mar-14,ARV,Adult,SCMS from RDC,"Emtricitabine/Tenofovir Disoproxil Fumarate 200/300mg, tablets, 30 Tabs",Emtricitabine/Tenofovir Disoproxil Fumarate,Generic,200/300mg,Tablet - FDC,30,337,1978.19,5.87,0.2,Mylan (formerly Matrix) Nashik,No,See DN-3458 (ID#:83196),See DN-3458 (ID#:83196),2.45
7970,108-VN-T01,Pre-PQ Process,SCMS-167,ASN-270,Vietnam,PMO - US,Direct Drop,EXW,Air,Pre-PQ Process,11/14/06,14-Mar-07,14-Mar-07,14-Mar-07,ARV,Adult,SUN PHARMACEUTICAL INDUSTRIES LTD (RANBAXY LABORATORIES LIMITED),"Zidovudine 300mg, tablets, 60 Tabs",Zidovudine,Generic,300mg,Tablet,60,100,1084.0,10.84,0.18,"Ranbaxy, Paonta Shahib, India",No,See ASN-270 (ID#:5279),See ASN-270 (ID#:5279),
12860,117-ET-T01,Pre-PQ Process,SO-22030,DN-1062,Ethiopia,PMO - US,From RDC,N/A - From RDC,Air,Pre-PQ Process,N/A - From RDC,4-Mar-09,4-Mar-09,4-Mar-09,ARV,Adult,SCMS from RDC,"Efavirenz 600mg, tablets, 30 Tabs",Efavirenz,Generic,600mg,Tablet,30,35299,374875.38,10.62,0.35,"Aurobindo Unit III, India",No,See DN-1062 (ID#:12256),See DN-1062 (ID#:12256),734.76
72336,102-KE-T30,FPQ-4591,SCMS-58382,ASN-7491,Kenya,PMO - US,Direct Drop,EXW,Air,11/18/09,5/27/10,29-Jul-10,30-Jul-10,30-Jul-10,HRDT,HIV test,"Orgenics, Ltd","HIV 1/2, Determine Complete HIV Kit, 100 Tests","HIV 1/2, Determine Complete HIV Kit",Determine,,Test kit,100,4555,364400.0,80.0,0.8,Inverness Japan,Yes,974,9456.46,785.65
86507,105-GY-T30,FPQ-10252,SO-42780,DN-2811,Guyana,PMO - US,From RDC,N/A - From RDC,Air,7/5/12,N/A - From RDC,2-Oct-12,29-Aug-12,29-Aug-12,ARV,Pediatric,SCMS from RDC,"Abacavir 20mg/ml, oral solution w/syringe, Bottle, 240 ml",Abacavir,Generic,20mg/ml,Oral solution,240,129,1612.5,12.5,0.05,"Aurobindo Unit III, India",No,See DN-2811 (ID#:83067),See DN-2811 (ID#:83067),2.26
52034,106-HT-T30,FPQ-12041,SCMS-189221,ASN-22217,Haiti,PMO - US,Direct Drop,EXW,Air,4/26/13,5/21/13,12-Dec-13,12-Dec-13,13-Dec-13,HRDT,HIV test,"SHANGHAI KEHUA BIOENGINEERING CO.,LTD.  (KHB)","HIV 1/2, SKB Colloidal Gold, Diagnostic Kit, Antibody, 50 Tests","HIV 1/2, Colloidal Gold, Diagnostic Kit, Antibody",Colloidal Gold,,Test kit,1,350,8575.0,24.5,24.5,"KHB Test Kit Facility, Shanghai China",Yes,240,2933.25,10.61
28676,105-GY-T30,FPQ-12235,SCMS-190760,ASN-20054,Guyana,PMO - US,Direct Drop,EXW,Air,5/6/13,5/22/13,1-Jul-13,1-Jul-13,1-Jul-13,HRDT,HIV test,"Trinity Biotech, Plc","HIV 1/2, Uni-Gold HIV Kit, 20 Tests","HIV 1/2, Uni-Gold HIV Kit",Uni-Gold,,Test kit,20,3140,100480.0,32.0,1.6,"Trinity Biotech, Plc",Yes,1024,10304.62,124.29
83958,106-HT-T30,FPQ-4469,SO-34220,DN-1503,Haiti,PMO - US,From RDC,N/A - From RDC,Air,9/23/09,N/A - From RDC,18-Nov-09,5-Nov-09,5-Nov-09,ARV,Adult,SCMS from RDC,"Lamivudine 150mg, tablets, 60 Tabs",Lamivudine,Generic,150mg,Tablet,60,10167,24807.48,2.44,0.04,"Aurobindo Unit III, India",Yes,487,6113.34,53.48
86207,101-CD-T30,FPQ-16158,SO-51260,DN-4283,"Congo, DRC",PMO - US,From RDC,N/A - From RDC,Air,3/31/15,N/A - From RDC,8-Jul-15,7-Aug-15,27-Aug-15,ARV,Adult,SCMS from RDC,"Efavirenz 600mg, tablets, 30 Tabs",Efavirenz,Generic,600mg,Tablet,30,9800,30576.0,3.12,0.1,"Strides, Bangalore, India.",No,See DN-4283 (ID#:83912),See DN-4283 (ID#:83912),35.99
58504,116-ZA-T30,FPQ-14942,SCMS-259077,ASN-33477,South Africa,PMO - US,Direct Drop,DDP,Truck,9/11/14,10/9/14,24-Jul-15,24-Jul-15,24-Jul-15,ARV,Adult,PHARMACY DIRECT,"Didanosine 400mg, delayed-release capsules, 30 Caps",Didanosine,Generic,400mg,Delayed-release capsules,30,5,71.09,14.22,0.47,"Aurobindo Unit III, India",No,Weight Captured Separately,Freight Included in Commodity Cost,0.07
27092,114-UG-T30,FPQ-11141,SCMS-173430,ASN-20630,Uganda,PMO - US,Direct Drop,FCA,Air,12/13/12,2/4/13,26-Jul-13,26-Jul-13,26-Jul-13,ARV,Pediatric,ABBVIE LOGISTICS (FORMERLY ABBOTT LOGISTICS BV),"Lopinavir/Ritonavir 100/25mg [Aluvia], tablets, 60 Tabs",Lopinavir/Ritonavir,Generic,100/25mg,Tablet,60,2565,15236.1,5.94,0.1,ABBVIE Ludwigshafen Germany,Yes,304,2808.12,18.85
19484,133-NG-T30,FPQ-15504,SCMS-270770,ASN-31785,Nigeria,PMO - US,Direct Drop,EXW,Air,12/8/14,3/13/15,7-May-15,7-May-15,22-May-15,HRDT,HIV test,"Orgenics, Ltd","HIV 1/2, Determine Complete HIV Kit, 100 Tests","HIV 1/2, Determine Complete HIV Kit",Determine,,Test kit,100,5640,501960.0,89.0,0.89,"Alere Medical Co., Ltd.",Yes,2292,27361.87,590.81
85043,114-UG-T30,FPQ-15294,SO-50052,DN-4309,Uganda,PMO - US,From RDC,N/A - From RDC,Truck,11/3/14,N/A - From RDC,31-Jul-15,23-Jul-15,23-Jul-15,ARV,Pediatric,SCMS from RDC,"Lamivudine/Zidovudine 30/60mg, dispersible tablets, 60 Tabs",Lamivudine/Zidovudine,Generic,30/60mg,Chewable/dispersible tablet - FDC,60,5126,9841.92,1.92,0.03,"Cipla, Goa, India",No,See DN-4309 (ID#:82809),See DN-4309 (ID#:82809),11.58
12063,112-NG-T01,Pre-PQ Process,SO-557,DN-172,Nigeria,PMO - US,From RDC,N/A - From RDC,,Pre-PQ Process,N/A - From RDC,26-Jun-07,26-Jun-07,26-Jun-07,ARV,Adult,SCMS from RDC,"Lamivudine/Zidovudine 150/300mg, tablets, 60 Tabs",Lamivudine/Zidovudine,Generic,150/300mg,Tablet - FDC,60,203,2168.04,10.68,0.18,"Aurobindo Unit III, India",No,See DN-172 (ID#:10566),See DN-172 (ID#:10566),
62814,110-ZM-T30,FPQ-13084,SCMS-211060,ASN-22938,Zambia,PMO - US,Direct Drop,EXW,Air,10/11/13,10/21/13,13-Jan-14,13-Jan-14,30-Jan-14,ARV,Adult,Aurobindo Pharma Limited,"Lamivudine 150mg, tablets, 60 Tabs",Lamivudine,Generic,150mg,Tablet,60,20000,43000.0,2.15,0.04,"Aurobindo Unit III, India",Yes,980,6020.81,44.2
71012,144-BW-T30,FPQ-4167,SCMS-54010,ASN-5830,Botswana,PMO - US,Direct Drop,EXW,Air,9/9/09,9/29/09,3-Mar-10,3-Mar-10,3-Mar-10,HRDT,HIV test,"Orgenics, Ltd","HIV 1/2, Determine HIV Kit, without Lancets, 100 Tests","HIV 1/2, Determine HIV Kit, without Lancets",Determine,,Test kit,100,8,560.0,70.0,0.7,Inverness Japan,Yes,3,690.02,1.1
45977,109-TZ-T30,FPQ-13048,SCMS-210900,ASN-23916,Tanzania,PMO - US,Direct Drop,EXW,Air,10/3/13,10/28/13,7-Mar-14,7-Mar-14,15-Mar-14,ARV,Adult,Aurobindo Pharma Limited,"Zidovudine 300mg, tablets, 60 Tabs",Zidovudine,Generic,300mg,Tablet,60,20172,109533.96,5.43,0.09,"Aurobindo Unit III, India",Yes,1104,5765.11,135.49
11418,111-MZ-T01,Pre-PQ Process,SO-695,DN-214,Mozambique,PMO - US,From RDC,N/A - From RDC,Air,Pre-PQ Process,N/A - From RDC,18-Jul-07,18-Jul-07,18-Jul-07,ARV,Adult,SCMS from RDC,"Lopinavir/Ritonavir 200/50mg [Aluvia], tablets, 120 Tabs",Lopinavir/Ritonavir,Aluvia,200/50mg,Tablet,120,4000,164400.0,41.1,0.34,ABBVIE Ludwigshafen Germany,Yes,870,1149.57,263.04
24970,116-ZA-T30,FPQ-12522,SCMS-199289,ASN-28034,South Africa,PMO - US,Direct Drop,DDP,Truck,7/11/13,8/29/14,29-Aug-14,29-Aug-14,29-Aug-14,ARV,Adult,S. BUYS WHOLESALER,"Efavirenz 600mg, tablets, 30 Tabs",Efavirenz,Generic,600mg,Tablet,30,915,15162.72,16.57,0.55,Hetero Unit III Hyderabad IN,No,Weight Captured Separately,Freight Included in Commodity Cost,18.76
77547,105-SS-T30,FPQ-15569,SCMS-272160,ASN-31331,South Sudan,PMO - US,Direct Drop,EXW,Air,12/29/14,2/20/15,3-Jun-15,3-Jun-15,5-Jun-15,HRDT,HIV test - Ancillary,"Orgenics, Ltd","Capillary Tubes, for Determine, EDTA, 50uL,100 Pcs","HIV, Capillary Tubes, for Determine, EDTA, 50uL,100 Pcs",Determine,,Test kit - Ancillary,100,50,400.0,8.0,0.08,"Alere Medical Co., Ltd.",No,See ASN-31331 (ID#:51668),See ASN-31331 (ID#:51668),0.47
8590,116-ZA-T01,Pre-PQ Process,SCMS-26820,ASN-2488,South Africa,PMO - US,Direct Drop,DDP,Truck,Pre-PQ Process,Date Not Captured,10-Jul-08,8-Jul-08,8-Jul-08,ARV,Pediatric,S. BUYS WHOLESALER,"Lopinavir/Ritonavir 80/20mg/ml [Kaletra], oral solution, cool, Bottle 5 x 60 ml",Lopinavir/Ritonavir,Kaletra,80/20mg/ml,Oral solution,300,10,354.6,35.46,0.12,ABBVIE (Abbott) Logis. UK,No,Weight Captured Separately,Freight Included in Commodity Cost,0.57
78576,104-CI-T30,FPQ-4484,SCMS-56481,ASN-5619,Côte d'Ivoire,PMO - US,Direct Drop,EXW,Air,10/29/09,11/3/09,21-Jan-10,21-Jan-10,21-Jan-10,HRDT,HIV test,"Orgenics, Ltd","HIV 1/2, Determine HIV Kit, without Lancets, 100 Tests","HIV 1/2, Determine HIV Kit, without Lancets",Determine,,Test kit,100,3500,245000.0,70.0,0.7,Inverness Japan,Yes,794,12506.12,528.22
10669,114-UG-T01,Pre-PQ Process,SO-1715,DN-588,Uganda,PMO - US,From RDC,N/A - From RDC,,Pre-PQ Process,N/A - From RDC,6-Mar-08,6-Mar-08,6-Mar-08,ARV,Adult,SCMS from RDC,"Emtricitabine/Tenofovir Disoproxil Fumarate 200/300mg [Truvada], tablets, 30 Tabs",Emtricitabine/Tenofovir Disoproxil Fumarate,Truvada,300/200mg,Tablet - FDC,30,656,17220.0,26.25,0.88,"Aspen-OSD, Port Elizabeth, SA",Yes,58,794.22,27.55
78361,106-HT-T30,FPQ-14314,SCMS-242450,ASN-29195,Haiti,PMO - US,Direct Drop,CIP,Air,5/21/14,6/3/14,24-Nov-14,24-Nov-14,24-Nov-14,ARV,Adult,MERCK SHARP & DOHME IDEA GMBH (FORMALLY MERCK SHARP & DOHME B.V.),"Raltegravir 400mg [Isentress], tablets, 60 Tabs",Raltegravir,Isentress,400mg,Tablet,60,161,8935.5,55.5,0.92,"MSD, Haarlem, NL",Yes,Weight Captured Separately,Freight Included in Commodity Cost,9.19
84780,113-ZW-T30,FPQ-10632,SO-43220,DN-2989,Zimbabwe,PMO - US,From RDC,N/A - From RDC,Truck,9/11/12,N/A - From RDC,11-Feb-13,11-Feb-13,11-Feb-13,ARV,Adult,SCMS from RDC,"Efavirenz 600mg, tablets, 30 Tabs",Efavirenz,Generic,600mg,Tablet,30,636,2264.16,3.56,0.12,"Strides, Bangalore, India.",No,See DN-2989 (ID#:84216),See DN-2989 (ID#:84216),3.17
63297,106-HT-T30,FPQ-14895,SCMS-261040,ASN-30196,Haiti,PMO - US,Direct Drop,EXW,Ocean,9/24/14,11/14/14,9-Apr-15,9-Apr-15,13-Apr-15,ARV,Adult,HETERO LABS LIMITED,"Efavirenz/Lamivudine/Tenofovir Disoproxil Fumarate 600/300/300mg, tablets, 30 Tabs",Efavirenz/Lamivudine/Tenofovir Disoproxil Fumarate,Generic,600/300/300mg,Tablet - FDC,30,56500,579125.0,10.25,0.34,Hetero Unit III Hyderabad IN,Yes,7324,10500.29,595.34
37334,116-ZA-T30,FPQ-12523,SCMS-199310,ASN-29450,South Africa,PMO - US,Direct Drop,DDP,Truck,7/12/13,8/13/13,19-Nov-14,19-Nov-14,19-Nov-14,ARV,Adult,S. BUYS WHOLESALER,"Saquinavir 200mg [Invirase], capsules, 270 Caps",Saquinavir,Invirase,200mg,Capsule,270,30,2542.45,84.75,0.31,Roche Madrid,No,Weight Captured Separately,Freight Included in Commodity Cost,3.15
2996,116-ZA-T01,Pre-PQ Process,SCMS-16600,ASN-1520,South Africa,PMO - US,Direct Drop,DDP,,Pre-PQ Process,1/4/08,21-Jan-08,4-Jan-08,4-Jan-08,ARV,Adult,"JSI R&T INSTITUTE, INC.","Ritonavir 100mg [Norvir], capsules, cool, 84 Caps",Ritonavir,Norvir,100mg,Capsule,84,3,32.31,10.77,0.13,ABBVIE (Abbott) Logis. UK,No,Weight Captured Separately,Freight Included in Commodity Cost,0.05
84645,200-ZW-T30,FPQ-6483,SO-37880,DN-2203,Zimbabwe,PMO - US,From RDC,N/A - From RDC,Truck,10/13/10,N/A - From RDC,31-May-11,13-Jun-11,13-Jun-11,ARV,Pediatric,SCMS from RDC,"Efavirenz 50mg, capsule, 30 Caps",Efavirenz,Generic,50mg,Capsule,30,4250,9520.0,2.24,0.07,"Aurobindo Unit III, India",No,See DN-2203 (ID#:82949),See DN-2203 (ID#:82949),20.53
13093,108-VN-T30,FPQ-12187,SCMS-188540,ASN-21695,Vietnam,PMO - US,Direct Drop,EXW,Air,5/3/13,5/10/13,11-Oct-13,9-Oct-13,9-Oct-13,ARV,Adult,MYLAN LABORATORIES LTD (FORMERLY MATRIX LABORATORIES),"Efavirenz/Lamivudine/Tenofovir Disoproxil Fumarate 600/300/300mg, tablets, 30 Tabs",Efavirenz/Lamivudine/Tenofovir Disoproxil Fumarate,Generic,600/300/300mg,Tablet - FDC,30,11500,132135.0,11.49,0.38,Mylan (formerly Matrix) Nashik,Yes,1295,2021.05,163.45
86258,102-SD-T30,FPQ-3812,SO-34550,DN-1624,Sudan,PMO - US,From RDC,N/A - From RDC,Air,6/3/09,N/A - From RDC,30-Nov-09,22-Nov-09,22-Nov-09,HRDT,HIV test,SCMS from RDC,"HIV 1/2, Bioline 3.0 Kit, Lancets, Capillary pipets, Alcohol swabs included, 25 Tests","HIV 1/2, Bioline 3.0 Kit, Lancets, Capillary pipets, Alcohol swabs included",Bioline,,Test kit,25,100,2000.0,20.0,0.8,"Standard Diagnostics, Korea",No,See DN-1624 (ID#:82856),See DN-1624 (ID#:82856),3.92
56468,800-CM-T30,FPQ-12570,SCMS-200901,ASN-25986,Cameroon,PMO - US,Direct Drop,EXW,Air,7/10/13,8/6/13,10-Jun-14,10-Jun-14,10-Jun-14,HRDT,HIV test,"Orgenics, Ltd","HIV 1/2, Determine Complete HIV Kit, 100 Tests","HIV 1/2, Determine Complete HIV Kit",Determine,,Test kit,100,5000,400000.0,80.0,0.8,"Alere Medical Co., Ltd.",Yes,2020,29918.58,494.8
54304,111-MZ-T30,FPQ-10606,SCMS-162150,ASN-16937,Mozambique,PMO - US,Direct Drop,EXW,Air,9/12/12,10/10/12,24-Dec-12,24-Dec-12,24-Dec-12,HRDT,HIV test,"Trinity Biotech, Plc","HIV 1/2, Uni-Gold HIV Kit, 20 Tests","HIV 1/2, Uni-Gold HIV Kit",Uni-Gold,,Test kit,20,23,736.0,32.0,1.6,"Trinity Biotech, Plc",Yes,8,558.46,1.03
18586,105-GH-T30,FPQ-14052,SCMS-237810,ASN-28673,Ghana,PMO - US,Direct Drop,EXW,Air,4/12/14,5/23/14,10-Nov-14,10-Nov-14,12-Nov-14,ARV,Adult,Aurobindo Pharma Limited,"Lamivudine/Nevirapine/Zidovudine 150/200/300mg, tablets, 60 Tabs",Lamivudine/Nevirapine/Zidovudine,Generic,150/300/200mg,Tablet - FDC,60,28853,236594.6,8.2,0.14,"Aurobindo Unit III, India",Yes,3612,18256.1,243.22
12805,102-KE-T01,Pre-PQ Process,SO-1973,DN-697,Kenya,PMO - US,From RDC,N/A - From RDC,Truck,Pre-PQ Process,N/A - From RDC,31-Mar-08,31-Mar-08,31-Mar-08,HRDT,HIV test - Ancillary,SCMS from RDC,"HIV, Lancet, Safety, for HIV Test kits, 100 Pcs","HIV, Lancet, Safety, for HIV Test kits, 100 Pcs",Generic,,Test kit - Ancillary,100,2000,20.0,0.01,0.0,Inverness Japan,No,See DN-697 (ID#:12202),See DN-697 (ID#:12202),0.03
37152,114-UG-T30,FPQ-4320,SCMS-58160,ASN-5935,Uganda,PMO - US,Direct Drop,EXW,Air,11/16/09,11/25/09,2-Feb-10,2-Feb-10,2-Feb-10,ARV,Pediatric,EMCURE PHARMACEUTICALS LTD,"Atazanavir 150mg, capsules, 60 Caps",Atazanavir,Generic,150mg,Capsule,60,240,6261.6,26.09,0.43,"Emcure Plot No.P-2, I.T-B.T. Park, Phase II, MIDC, Hinjwadi, Pune, India",Yes,25,915.09,12.27
84585,104-CI-T30,FPQ-5623,SO-36890,DN-1984,Côte d'Ivoire,PMO - US,From RDC,N/A - From RDC,Air,5/7/10,N/A - From RDC,31-Aug-10,23-Aug-10,23-Aug-10,ARV,Adult,SCMS from RDC,"Lamivudine 150mg, tablets, 60 Tabs",Lamivudine,Generic,150mg,Tablet,60,6594,15364.02,2.33,0.04,"Strides, Bangalore, India.",No,See DN-1984 (ID#:83453),See DN-1984 (ID#:83453),33.12
284,107-RW-T01,Pre-PQ Process,SCMS-14630,ASN-1253,Rwanda,PMO - US,Direct Drop,EXW,Air,Pre-PQ Process,12/10/07,31-Jan-08,31-Jan-08,31-Jan-08,HRDT,HIV test - Ancillary,"Orgenics, Ltd","HIV, Lancet, Safety, for HIV Test kits, 100 Pcs","HIV, Lancet, Safety, for HIV Test kits, 100 Pcs",Generic,,Test kit - Ancillary,100,1500,15.0,0.01,0.0,Inverness Japan,Yes,99,0.75,0.02
56016,105-SS-T30,FPQ-15569,SCMS-272160,ASN-31321,South Sudan,PMO - US,Direct Drop,EXW,Air,12/29/14,2/20/15,3-Jun-15,3-Jun-15,5-Jun-15,HRDT,HIV test - Ancillary,"Orgenics, Ltd","Capillary Tubes, for Determine, EDTA, 50uL,100 Pcs","HIV, Capillary Tubes, for Determine, EDTA, 50uL,100 Pcs",Determine,,Test kit - Ancillary,100,45,360.0,8.0,0.08,"Alere Medical Co., Ltd.",No,See ASN-31321 (ID#:30363),See ASN-31321 (ID#:30363),0.42
82577,151-NG-T30,FPQ-11022,SO-45201,DN-3176,Nigeria,PMO - US,From RDC,N/A - From RDC,Air Charter,11/15/12,N/A - From RDC,21-May-13,10-May-13,10-May-13,ARV,Adult,SCMS from RDC,"Nevirapine 200mg, tablets, 60 Tabs",Nevirapine,Generic,200mg,Tablet,60,95000,214700.0,2.26,0.04,"Cipla, Goa, India",Yes,12686,41332.14,265.58
85810,104-CI-T30,FPQ-8295,SO-40791,DN-2459,Côte d'Ivoire,PMO - US,From RDC,N/A - From RDC,Truck,8/25/11,N/A - From RDC,6-Feb-12,6-Feb-12,6-Feb-12,ARV,Pediatric,SCMS from RDC,"Efavirenz 50mg, capsule, 30 Caps",Efavirenz,Generic,50mg,Capsule,30,2772,6209.28,2.24,0.07,"Aurobindo Unit III, India",No,See DN-2459 (ID#:82424),See DN-2459 (ID#:82424),10.25
30998,102-BW-T30,FPQ-4903,SCMS-64790,ASN-6121,Botswana,PMO - US,Direct Drop,EXW,Air,1/13/10,2/5/10,4-Jun-10,4-Jun-10,4-Jun-10,HRDT,HIV test,"Trinity Biotech, Plc","HIV 1/2, Uni-Gold HIV Kit, 20 Tests","HIV 1/2, Uni-Gold HIV Kit",Uni-Gold,,Test kit,20,25,800.0,32.0,1.6,"Trinity Biotech, Plc",Yes,10,559.89,1.72
12920,111-MZ-T01,Pre-PQ Process,SO-26425,DN-1455,Mozambique,PMO - US,From RDC,N/A - From RDC,Truck,Date Not Captured,N/A - From RDC,17-Sep-09,17-Sep-09,17-Sep-09,ARV,Adult,SCMS from RDC,"Lamivudine/Nevirapine/Stavudine 150/200/30mg, tablets, 60 Tabs",Lamivudine/Nevirapine/Stavudine,Generic,150/200/30mg,Tablet - FDC,60,1604,11420.48,7.12,0.12,"Strides, Bangalore, India.",Yes,120,1799.88,22.38
12526,110-ZM-T01,Pre-PQ Process,SO-15290,DN-999,Zambia,PMO - US,From RDC,N/A - From RDC,Air,Pre-PQ Process,N/A - From RDC,14-Nov-08,14-Nov-08,14-Nov-08,ARV,Pediatric,SCMS from RDC,"Zidovudine 10mg/ml, oral solution, Bottle, 240 ml",Zidovudine,Generic,10mg/ml,Oral solution,240,1800,3780.0,2.1,0.01,"Aurobindo Unit III, India",Yes,671,5110.76,7.41
85823,113-ZW-T30,FPQ-7052,SO-38520,DN-2519,Zimbabwe,PMO - US,From RDC,N/A - From RDC,Truck,1/19/11,N/A - From RDC,29-Feb-12,16-Feb-12,16-Feb-12,ARV,Adult,SCMS from RDC,"Lamivudine/Tenofovir Disoproxil Fumarate 300/300mg, tablets, 30 Tabs",Lamivudine/Tenofovir Disoproxil Fumarate,Generic,300/300mg,Tablet - FDC,30,10114,61493.12,6.08,0.2,Mylan (formerly Matrix) Nashik,No,See DN-2519 (ID#:84141),See DN-2519 (ID#:84141),101.46
86772,151-NG-T30,FPQ-14156,SO-48908,DN-4097,Nigeria,PMO - US,From RDC,N/A - From RDC,Air Charter,4/25/14,N/A - From RDC,30-Jan-15,14-Jan-15,20-Jan-15,ARV,Adult,SCMS from RDC,"Lamivudine/Tenofovir Disoproxil Fumarate 300/300mg, tablets, 30 Tabs",Lamivudine/Tenofovir Disoproxil Fumarate,Generic,300/300mg,Tablet - FDC,30,296996,1369151.56,4.61,0.15,Hetero Unit III Hyderabad IN,No,See DN-4097 (ID#:85009),See DN-4097 (ID#:85009),1407.49
53338,161-ZA-T30,FPQ-6262,SCMS-83830,ASN-8795,South Africa,PMO - US,Direct Drop,DDP,Ocean,8/31/10,9/24/10,8-Dec-10,8-Dec-10,8-Dec-10,ARV,Adult,Aurobindo Pharma Limited,"Zidovudine 300mg, tablets, 60 Tabs",Zidovudine,Generic,300mg,Tablet,60,77143,565458.19,7.33,0.12,"Aurobindo Unit III, India",Yes,3894,3161.68,1219.13
83532,151-NG-T30,FPQ-7812,SO-39993,DN-2352,Nigeria,PMO - US,From RDC,N/A - From RDC,Air Charter,6/6/11,N/A - From RDC,3-Nov-11,28-Sep-11,28-Sep-11,ARV,Adult,SCMS from RDC,"Stavudine 30mg, capsules, 60 Caps",Stavudine,Generic,30mg,Capsule,60,1000,1400.0,1.4,0.02,"Aurobindo Unit III, India",Yes,108,18495.9,2.31
84206,102-ZW-T30,FPQ-9927,SO-42300,DN-2940,Zimbabwe,PMO - US,From RDC,N/A - From RDC,Truck,5/15/12,N/A - From RDC,21-Dec-12,11-Dec-12,11-Dec-12,ARV,Adult,SCMS from RDC,"Lamivudine/Zidovudine 150/300mg, tablets, 60 Tabs",Lamivudine/Zidovudine,Generic,150/300mg,Tablet - FDC,60,44665,344813.8,7.72,0.13,Hetero Unit III Hyderabad IN,No,See DN-2940 (ID#:82529),See DN-2940 (ID#:82529),483.43
85884,900-UG-T30,FPQ-10048,SO-42570,DN-2781,Uganda,PMO - US,From RDC,N/A - From RDC,Air,6/6/12,N/A - From RDC,30-Oct-12,30-Oct-12,30-Oct-12,ARV,Adult,SCMS from RDC,"Lamivudine/Tenofovir Disoproxil Fumarate 300/300mg, tablets, 30 Tabs",Lamivudine/Tenofovir Disoproxil Fumarate,Generic,300/300mg,Tablet - FDC,30,40000,221600.0,5.54,0.18,"Aurobindo Unit VII, IN",No,See DN-2781 (ID#:83061),See DN-2781 (ID#:83061),310.68
12000,111-MZ-T01,Pre-PQ Process,SO-32530,DN-1380,Mozambique,PMO - US,From RDC,N/A - From RDC,Truck,Date Not Captured,N/A - From RDC,17-Sep-09,17-Sep-09,17-Sep-09,ARV,Adult,SCMS from RDC,"Lamivudine/Nevirapine/Stavudine 150/200/30mg, tablets, 60 Tabs",Lamivudine/Nevirapine/Stavudine,Generic,150/200/30mg,Tablet - FDC,60,17000,121040.0,7.12,0.12,"Strides, Bangalore, India.",Yes,4374,1799.88,237.24
11792,104-CI-T01,Pre-PQ Process,SO-964,DN-379,Côte d'Ivoire,PMO - US,From RDC,N/A - From RDC,Air,Pre-PQ Process,N/A - From RDC,15-Oct-07,15-Oct-07,15-Oct-07,ARV,Adult,SCMS from RDC,"Ritonavir 100mg [Norvir], capsules, cool, 4 x 84 Caps",Ritonavir,Norvir,100mg,Capsule,336,1455,55813.8,38.36,0.11,ABBVIE (Abbott) France,No,See DN-379 (ID#:10890),See DN-379 (ID#:10890),89.3
11538,109-TZ-T01,Pre-PQ Process,SO-1695,DN-663,Tanzania,PMO - US,From RDC,N/A - From RDC,,Pre-PQ Process,N/A - From RDC,22-Apr-08,23-Apr-08,23-Apr-08,ARV,Adult,SCMS from RDC,"Abacavir 300mg, tablets, 60 Tabs",Abacavir,Generic,300mg,Tablet,60,5730,157746.9,27.53,0.46,"Aurobindo Unit III, India",No,See DN-663 (ID#:10960),See DN-663 (ID#:10960),252.4
38021,116-ZA-T30,FPQ-14942,SCMS-259077,ASN-33477,South Africa,PMO - US,Direct Drop,DDP,Truck,9/11/14,10/9/14,24-Jul-15,24-Jul-15,24-Jul-15,ARV,Adult,PHARMACY DIRECT,"Abacavir 300mg, tablets, 60 Tabs",Abacavir,Generic,300mg,Tablet,60,33,1645.14,49.85,0.83,"Aurobindo Unit III, India",No,Weight Captured Separately,Freight Included in Commodity Cost,1.69
10365,116-ZA-T01,Pre-PQ Process,SCMS-41585,ASN-4386,South Africa,PMO - US,Direct Drop,DDP,Air,Pre-PQ Process,3/27/09,25-Jun-09,21-Apr-09,21-Apr-09,ARV,Adult,S. BUYS WHOLESALER,"Lopinavir/Ritonavir 200/50mg [Aluvia], tablets, 120 Tabs",Lopinavir/Ritonavir,Aluvia,200/50mg,Tablet,120,1900,68362.0,35.98,0.3,ABBVIE Ludwigshafen Germany,No,Weight Captured Separately,Freight Included in Commodity Cost,133.99
84205,111-MZ-T30,FPQ-10210,SO-43420,DN-2938,Mozambique,PMO - US,From RDC,N/A - From RDC,Truck,6/28/12,N/A - From RDC,11-Jan-13,11-Jan-13,11-Jan-13,ARV,Adult,SCMS from RDC,"Lamivudine/Nevirapine/Zidovudine 150/200/300mg, tablets, 60 Tabs",Lamivudine/Nevirapine/Zidovudine,Generic,150/300/200mg,Tablet - FDC,60,2484,23896.08,9.62,0.16,Hetero Unit III Hyderabad IN,Yes,249,4754.19,33.5
85276,900-UG-T30,FPQ-10048,SO-42580,DN-2724,Uganda,PMO - US,From RDC,N/A - From RDC,Air,6/6/12,N/A - From RDC,5-Jul-12,16-Jul-12,16-Jul-12,ARV,Adult,SCMS from RDC,"Nevirapine 200mg, tablets, 60 Tabs",Nevirapine,Generic,200mg,Tablet,60,36000,87840.0,2.44,0.04,"Aurobindo Unit III, India",No,See DN-2724 (ID#:82486),See DN-2724 (ID#:82486),123.15
2014,116-ZA-T01,Pre-PQ Process,SCMS-28830,ASN-2503,South Africa,PMO - US,Direct Drop,DDP,Truck,Pre-PQ Process,Date Not Captured,25-Aug-08,14-Aug-08,14-Aug-08,ARV,Adult,S. BUYS WHOLESALER,"Tenofovir Disoproxil Fumarate 300mg [Viread], tablets, 30 Tabs",Tenofovir Disoproxil Fumarate,Viread,300mg,Tablet,30,300,7080.0,23.6,0.79,"Aspen-OSD, Port Elizabeth, SA",Yes,Weight Captured Separately,Freight Included in Commodity Cost,11.33
82739,104-CI-T30,FPQ-13628,SO-49880,DN-3966,Côte d'Ivoire,PMO - US,From RDC,N/A - From RDC,Truck,1/29/14,N/A - From RDC,31-Oct-14,17-Oct-14,7-Nov-14,ARV,Adult,SCMS from RDC,"Tenofovir Disoproxil Fumarate 300mg, tablets, 30 Tabs",Tenofovir Disoproxil Fumarate,Generic,300mg,Tablet,30,5905,21376.1,3.62,0.12,Hetero Unit III Hyderabad IN,Yes,599,2440.19,21.97
47759,108-VN-T30,FPQ-3896,SCMS-48270,ASN-5131,Vietnam,PMO - US,Direct Drop,EXW,Air,6/25/09,6/26/09,26-Oct-09,26-Oct-09,26-Oct-09,ARV,Adult,Aurobindo Pharma Limited,"Lamivudine/Zidovudine 150/300mg, tablets, 60 Tabs",Lamivudine/Zidovudine,Generic,150/300mg,Tablet - FDC,60,5964,51350.04,8.61,0.14,"Aurobindo Unit III, India",No,See ASN-5131 (ID#:25886),See ASN-5131 (ID#:25886),100.65
62116,110-ZM-T30,FPQ-14151,SCMS-240080,ASN-26466,Zambia,PMO - US,Direct Drop,EXW,Air,4/30/14,5/21/14,20-Jul-14,21-Jul-14,6-Aug-14,ARV,Adult,Aurobindo Pharma Limited,"Nevirapine 200mg, tablets, 60 Tabs",Nevirapine,Generic,200mg,Tablet,60,39201,88202.25,2.25,0.04,"Aurobindo Unit III, India",Yes,3986,20555.45,90.67
83454,114-UG-T30,FPQ-5275,SO-36230,DN-1987,Uganda,PMO - US,From RDC,N/A - From RDC,Air,3/4/10,N/A - From RDC,3-Sep-10,27-Aug-10,27-Aug-10,ARV,Adult,SCMS from RDC,"Emtricitabine/Tenofovir Disoproxil Fumarate 200/300mg, tablets, 30 Tabs",Emtricitabine/Tenofovir Disoproxil Fumarate,Generic,200/300mg,Tablet - FDC,30,650,7637.5,11.75,0.39,Mylan (formerly Matrix) Nashik,Yes,61,536.02,16.47
86673,104-CI-T30,FPQ-12144,SO-45641,DN-3631,Côte d'Ivoire,PMO - US,From RDC,N/A - From RDC,Truck,4/22/13,N/A - From RDC,30-May-14,23-Apr-14,11-Jun-14,ARV,Adult,SCMS from RDC,"Lopinavir/Ritonavir 200/50mg, tablets, 120 Tabs",Lopinavir/Ritonavir,Generic,200/50mg,Tablet,120,28516,571460.64,20.04,0.17,"Aurobindo Unit III, India",No,See DN-3631 (ID#:85458),See DN-3631 (ID#:85458),706.9
24865,161-ZA-T30,FPQ-5303,SCMS-69010,ASN-7316,South Africa,PMO - US,Direct Drop,DDP,Air,3/18/10,3/19/10,24-Jun-10,24-Jun-10,24-Jun-10,ARV,Adult,Aurobindo Pharma Limited,"Zidovudine 300mg, tablets, 60 Tabs",Zidovudine,Generic,300mg,Tablet,60,60234,447538.62,7.43,0.12,"Aurobindo Unit III, India",Yes,3221,3296.57,964.89
60841,107-RW-T30,FPQ-8365,SCMS-126490,ASN-14125,Rwanda,PMO - US,Direct Drop,EXW,Air,10/26/11,11/9/11,30-Mar-12,30-Mar-12,30-Mar-12,ARV,Adult,Aurobindo Pharma Limited,"Didanosine 250mg, delayed-release capsules, 30 Caps",Didanosine,Generic,250mg,Delayed-release capsules,30,784,10192.0,13.0,0.43,"Aurobindo Unit III, India",No,See ASN-14125 (ID#:22658),See ASN-14125 (ID#:22658),16.82
57876,116-ZA-T30,FPQ-3596,SCMS-50360,ASN-5451,South Africa,PMO - US,Direct Drop,DDP,Truck,5/7/09,9/22/09,29-Oct-09,29-Oct-09,29-Oct-09,ARV,Adult,S. BUYS WHOLESALER,"Lamivudine 150mg, tablets, 60 Tabs",Lamivudine,Generic,150mg,Tablet,60,8146,79058.92,9.71,0.16,"Aurobindo Unit III, India",No,Weight Captured Separately,Freight Included in Commodity Cost,154.96
32559,106-HT-T30,FPQ-11304,SCMS-176450,ASN-19219,Haiti,PMO - US,Direct Drop,DAP,Truck,1/22/13,2/12/13,15-Mar-13,15-Mar-13,15-Mar-13,HRDT,HIV test,REINBOLD EXPORT IMPORT,"HIV 1/2, Determine Complete HIV Kit, 100 Tests","HIV 1/2, Determine Complete HIV Kit",Determine,,Test kit,100,25,3125.0,125.0,1.25,"Alere Medical Co., Ltd.",Yes,Weight Captured Separately,Freight Included in Commodity Cost,3.87
10969,112-NG-T01,Pre-PQ Process,SO-2350,DN-718,Nigeria,PMO - US,From RDC,N/A - From RDC,Air,Pre-PQ Process,N/A - From RDC,21-Apr-08,21-Apr-08,21-Apr-08,ARV,Pediatric,SCMS from RDC,"Stavudine 1mg/ml, powder for oral solution, 200 ml",Stavudine,Generic,1mg/ml,Oral solution,200,16,22.4,1.4,0.01,"Aurobindo Unit III, India",No,See DN-718 (ID#:10968),See DN-718 (ID#:10968),0.04
83626,900-SS-T30,FPQ-10514,SO-43060,DN-2871,South Sudan,PMO - US,From RDC,N/A - From RDC,Air,8/17/12,N/A - From RDC,30-Nov-12,30-Nov-12,30-Nov-12,ARV,Adult,SCMS from RDC,"Lamivudine/Zidovudine 150/300mg, tablets, 60 Tabs",Lamivudine/Zidovudine,Generic,150/300mg,Tablet - FDC,60,300,2316.0,7.72,0.13,Mylan (formerly Matrix) Nashik,Yes,39,742.98,3.25
9366,108-VN-T01,Pre-PQ Process,SCMS-10980,ASN-1016,Vietnam,PMO - US,Direct Drop,EXW,Air,Pre-PQ Process,7/4/07,6-Dec-07,6-Dec-07,6-Dec-07,ARV,Pediatric,Aurobindo Pharma Limited,"Didanosine 100mg, chewable/dispersible tablets, 60 Tabs",Didanosine,Generic,100mg,Chewable/dispersible tablet,60,1300,10075.0,7.75,0.13,"Aurobindo Unit III, India",Yes,270,3850.43,16.12
8344,129-KG-T01,Pre-PQ Process,SCMS-19120,ASN-2356,Kyrgyzstan,PMO - US,Direct Drop,DDP,Air,Pre-PQ Process,3/18/08,19-Sep-08,19-Sep-08,19-Sep-08,HRDT,HIV test,"Orgenics, Ltd","HIV 1/2, DoubleCheck II Kit, 40 Tests","HIV 1/2, DoubleCheck II Kit",DoubleCheck,,Test kit,40,500,39500.0,79.0,1.98,Not Applicable,Yes,Weight Captured Separately,Freight Included in Commodity Cost,63.2
86391,110-ZM-T30,FPQ-6482,SO-37800,DN-2238,Zambia,PMO - US,From RDC,N/A - From RDC,Truck,10/15/10,N/A - From RDC,30-Apr-11,20-Jun-11,20-Jun-11,ARV,Adult,SCMS from RDC,"Nevirapine 200mg, tablets, 60 Tabs",Nevirapine,Generic,200mg,Tablet,60,31043,77917.93,2.51,0.04,Hetero Unit III Hyderabad IN,Yes,1785,7962.25,167.99
13311,104-CI-T30,FPQ-8929,SCMS-131880,ASN-14110,Côte d'Ivoire,PMO - US,Direct Drop,EXW,Air,12/8/11,1/17/12,29-Mar-12,29-Mar-12,29-Mar-12,HRDT,HIV test,"Orgenics, Ltd","HIV 1/2, Determine Complete HIV Kit, 100 Tests","HIV 1/2, Determine Complete HIV Kit",Determine,,Test kit,100,2000,160000.0,80.0,0.8,"Alere Medical Co., Ltd.",Yes,957,18919.56,224.32
11825,110-ZM-T01,Pre-PQ Process,SO-1328,DN-464,Zambia,PMO - US,From RDC,N/A - From RDC,,Pre-PQ Process,N/A - From RDC,2-Jan-08,2-Jan-08,2-Jan-08,ARV,Pediatric,SCMS from RDC,"Efavirenz 200mg, capsule, 90 Caps",Efavirenz,Generic,200mg,Capsule,90,672,10752.0,16.0,0.18,"Aurobindo Unit III, India",Yes,128,845,17.2
4283,106-HT-T01,Pre-PQ Process,SCMS-17670,ASN-1519,Haiti,PMO - US,Direct Drop,FCA,Air,Pre-PQ Process,2/15/08,11-Apr-08,11-Apr-08,11-Apr-08,ARV,Pediatric,ABBVIE LOGISTICS (FORMERLY ABBOTT LOGISTICS BV),"Lopinavir/Ritonavir 100/25mg [Aluvia], tablets, 60 Tabs",Lopinavir/Ritonavir,Generic,100/25mg,Tablet,60,180,1850.4,10.28,0.17,ABBVIE Ludwigshafen Germany,Yes,31,910.86,2.96
86439,101-CD-T30,FPQ-8840,SO-41133,DN-2495,"Congo, DRC",PMO - US,From RDC,N/A - From RDC,Air,11/21/11,N/A - From RDC,16-Mar-12,14-Feb-12,14-Feb-12,ARV,Adult,SCMS from RDC,"Lopinavir/Ritonavir 200/50mg, tablets, 120 Tabs",Lopinavir/Ritonavir,Generic,200/50mg,Tablet,120,23,776.02,33.74,0.28,"Aurobindo Unit III, India",No,See DN-2495 (ID#:83555),See DN-2495 (ID#:83555),1.09
12278,151-NG-T01,Pre-PQ Process,SO-30021,DN-1217,Nigeria,PMO - US,From RDC,N/A - From RDC,Air Charter,Pre-PQ Process,N/A - From RDC,8-May-09,8-May-09,8-May-09,ARV,Adult,SCMS from RDC,"Emtricitabine/Tenofovir Disoproxil Fumarate 200/300mg [Truvada], tablets, 30 Tabs",Emtricitabine/Tenofovir Disoproxil Fumarate,Truvada,300/200mg,Tablet - FDC,30,27439,720273.75,26.25,0.88,"Aspen-OSD, Port Elizabeth, SA",Yes,2561,15128.47,1411.74
25726,107-RW-T30,FPQ-4954,SCMS-64520,ASN-7396,Rwanda,PMO - US,Direct Drop,CIP,Air,1/29/10,2/9/10,30-Jun-10,30-Jun-10,30-Jun-10,ARV,Adult,MYLAN LABORATORIES LTD (FORMERLY MATRIX LABORATORIES),"Abacavir 300mg, tablets, 60 Tabs",Abacavir,Generic,300mg,Tablet,60,26100,424125.0,16.25,0.27,Mylan (formerly Matrix) Nashik,Yes,2586,1170.2,914.41
85795,109-TZ-T30,FPQ-7675,SO-39752,DN-2374,Tanzania,PMO - US,From RDC,N/A - From RDC,Air,5/18/11,N/A - From RDC,30-Sep-11,23-Sep-11,23-Sep-11,ARV,Adult,SCMS from RDC,"Efavirenz/Emtricitabine/Tenofovir Disoproxil Fumarate 600/200/300mg, tablets, 30 Tabs",Efavirenz/Emtricitabine/Tenofovir Disoproxil Fumarate,Generic,600/200/300mg,Tablet - FDC,30,6840,136252.8,19.92,0.66,Mylan (formerly Matrix) Nashik,Yes,778,Freight Included in Commodity Cost,224.82
84544,114-UG-T30,FPQ-4495,SO-34970,DN-1755,Uganda,PMO - US,From RDC,N/A - From RDC,Truck,10/28/09,N/A - From RDC,1-Apr-10,25-Mar-10,25-Mar-10,ARV,Adult,SCMS from RDC,"Lamivudine/Nevirapine/Zidovudine 150/200/300mg, tablets, 60 Tabs",Lamivudine/Nevirapine/Zidovudine,Generic,150/300/200mg,Tablet - FDC,60,20000,224400.0,11.22,0.19,"Aurobindo Unit III, India",Yes,2356,16682.66,483.81
83578,113-ZW-T30,FPQ-7560,SO-39470,DN-2604,Zimbabwe,PMO - US,From RDC,N/A - From RDC,Truck,4/26/11,N/A - From RDC,18-Apr-12,10-Apr-12,10-Apr-12,ARV,Adult,SCMS from RDC,"Zidovudine 300mg, tablets, 60 Tabs",Zidovudine,Generic,300mg,Tablet,60,31263,219466.26,7.02,0.12,Hetero Unit III Hyderabad IN,Yes,1616,3489.53,362.12
12249,130-NG-T01,Pre-PQ Process,SO-10540,DN-844,Nigeria,PMO - US,From RDC,N/A - From RDC,Air,Pre-PQ Process,N/A - From RDC,24-Jul-08,24-Jul-08,24-Jul-08,ARV,Adult,SCMS from RDC,"Efavirenz 600mg, tablets, 30 Tabs",Efavirenz,Generic,600mg,Tablet,30,1030,12071.6,11.72,0.39,"Aurobindo Unit III, India",Yes,251,1960.81,19.31
25752,161-ZA-T30,FPQ-5303,SCMS-68710,ASN-6750,South Africa,PMO - US,Direct Drop,DDP,Air,3/18/10,3/19/10,11-Jun-10,11-Jun-10,11-Jun-10,ARV,Adult,CIPLA LIMITED,"Tenofovir Disoproxil Fumarate 300mg, tablets, 30 Tabs",Tenofovir Disoproxil Fumarate,Generic,300mg,Tablet,30,38890,304119.8,7.82,0.26,"Cipla, Goa, India",Yes,2649,3908.55,655.68
12034,100-CI-T01,Pre-PQ Process,SO-390,DN-51,Côte d'Ivoire,PMO - US,From RDC,N/A - From RDC,,Pre-PQ Process,N/A - From RDC,4-May-07,4-May-07,4-May-07,ARV,Adult,SCMS from RDC,"Efavirenz 600mg, tablets, 30 Tabs",Efavirenz,Generic,600mg,Tablet,30,10000,162500.0,16.25,0.54,"Aurobindo Unit III, India",Yes,898,3002,
30649,116-ZA-T30,FPQ-4770,SCMS-60170,ASN-5933,South Africa,PMO - US,Direct Drop,DDP,Truck,12/17/09,12/23/09,29-Dec-09,29-Dec-09,29-Dec-09,ARV,Adult,S. BUYS WHOLESALER,"Efavirenz 600mg, tablets, 30 Tabs",Efavirenz,Generic,600mg,Tablet,30,2700,52283.01,19.36,0.65,"Cipla, Goa, India",No,Weight Captured Separately,Freight Included in Commodity Cost,112.72
84615,202-GT-T30,FPQ-6943,SO-38260,DN-2089,Guatemala,PMO - US,From RDC,N/A - From RDC,Air,12/29/10,N/A - From RDC,31-Jan-11,24-Jan-11,24-Jan-11,ARV,Pediatric,SCMS from RDC,"Efavirenz 200mg, capsule, 90 Caps",Efavirenz,Generic,200mg,Capsule,90,680,6589.2,9.69,0.11,"Aurobindo Unit III, India",No,See DN-2089 (ID#:83478),See DN-2089 (ID#:83478),10.87
85188,109-TZ-T30,FPQ-6713,SO-39440,DN-2207,Tanzania,PMO - US,From RDC,N/A - From RDC,Truck,12/2/10,N/A - From RDC,28-Apr-11,1-Jun-11,1-Jun-11,ARV,Adult,SCMS from RDC,"Efavirenz/Emtricitabine/Tenofovir Disoproxil Fumarate 600/200/300mg, tablets, 30 Tabs",Efavirenz/Emtricitabine/Tenofovir Disoproxil Fumarate,Generic,600/200/300mg,Tablet - FDC,30,28200,561744.0,19.92,0.66,Mylan (formerly Matrix) Nashik,Yes,3076,3859,926.88
21752,108-VN-T30,FPQ-5317,SCMS-69250,ASN-7661,Vietnam,PMO - US,Direct Drop,EXW,Air,3/22/10,3/25/10,13-Aug-10,13-Aug-10,13-Aug-10,ARV,Adult,Aurobindo Pharma Limited,"Didanosine 250mg, delayed-release capsules, 30 Caps",Didanosine,Generic,250mg,Delayed-release capsules,30,252,3276.0,13.0,0.43,"Aurobindo Unit III, India",Yes,1553,13320.8,7.06
12479,112-NG-T01,Pre-PQ Process,SO-2351,DN-717,Nigeria,PMO - US,From RDC,N/A - From RDC,Air,Pre-PQ Process,N/A - From RDC,18-Apr-08,18-Apr-08,18-Apr-08,ARV,Adult,SCMS from RDC,"Efavirenz 600mg, tablets, 30 Tabs",Efavirenz,Generic,600mg,Tablet,30,3077,36954.77,12.01,0.4,"Aurobindo Unit III, India",No,See DN-717 (ID#:11858),See DN-717 (ID#:11858),59.13
16708,110-ZM-T30,FPQ-11979,SCMS-188801,ASN-21568,Zambia,PMO - US,Direct Drop,EXW,Air,4/19/13,7/10/13,17-Oct-13,17-Oct-13,6-Nov-13,ARV,Adult,Aurobindo Pharma Limited,"Emtricitabine/Tenofovir Disoproxil Fumarate 200/300mg, tablets, 30 Tabs",Emtricitabine/Tenofovir Disoproxil Fumarate,Generic,200/300mg,Tablet - FDC,30,11811,69684.9,5.9,0.2,"Aurobindo Unit III, India",Yes,1184,5904.94,86.2
19788,161-ZA-T30,FPQ-7175,SCMS-103360,ASN-11433,South Africa,PMO - US,Direct Drop,DDP,Ocean,3/10/11,3/24/11,2-Sep-11,14-Sep-11,14-Sep-11,ARV,Pediatric,Aurobindo Pharma Limited,"Efavirenz 50mg, capsule, 30 Caps",Efavirenz,Generic,50mg,Capsule,30,2247,5482.68,2.44,0.08,"Aurobindo Unit III, India",Yes,Weight Captured Separately,Freight Included in Commodity Cost,9.05
82707,101-CD-T30,FPQ-14252,SO-48850,DN-3843,"Congo, DRC",PMO - US,From RDC,N/A - From RDC,Air,5/7/14,N/A - From RDC,13-Aug-14,24-Sep-14,6-Nov-14,ARV,Adult,SCMS from RDC,"Abacavir 300mg, tablets, 60 Tabs",Abacavir,Generic,300mg,Tablet,60,715,8029.45,11.23,0.19,"Aurobindo Unit III, India",Yes,1630,18387.8,8.25
12346,100-BW-T01,Pre-PQ Process,SO-424,DN-83,Botswana,PMO - US,From RDC,N/A - From RDC,,Pre-PQ Process,N/A - From RDC,27-Apr-07,27-Apr-07,27-Apr-07,HRDT,HIV test,SCMS from RDC,"HIV 1/2, Uni-Gold HIV Kit, 20 Tests","HIV 1/2, Uni-Gold HIV Kit",Uni-Gold,,Test kit,20,500,16000.0,32.0,1.6,"Trinity Biotech, Plc",Yes,164,1225.37,
5199,141-NA-T01,Pre-PQ Process,SCMS-47160,ASN-4663,Namibia,PMO - US,Direct Drop,EXW,Air,Pre-PQ Process,6/4/09,1-Sep-09,1-Sep-09,1-Sep-09,HRDT,HIV test,"Orgenics, Ltd","HIV 1/2, Clearview Complete Kit, 25 Tests","HIV 1/2, Clearview Complete Kit",Clearview,,Test kit,25,4,300.0,75.0,3.0,Chembio Diagnostics Sys. Inc.,Yes,4,133.25,0.59
86345,151-NG-T30,FPQ-5688,SO-37500,DN-2025,Nigeria,PMO - US,From RDC,N/A - From RDC,Air,5/27/10,N/A - From RDC,22-Oct-10,10-Nov-10,10-Nov-10,ARV,Adult,SCMS from RDC,"Tenofovir Disoproxil Fumarate 300mg, tablets, 30 Tabs",Tenofovir Disoproxil Fumarate,Generic,300mg,Tablet,30,2500,18250.0,7.3,0.24,Mylan (formerly Matrix) Nashik,No,See DN-2025 (ID#:83460),See DN-2025 (ID#:83460),39.35
84098,106-HT-T30,FPQ-6801,SO-39910,DN-2263,Haiti,PMO - US,From RDC,N/A - From RDC,Air,12/14/10,N/A - From RDC,19-Jul-11,28-Jun-11,28-Jun-11,ARV,Adult,SCMS from RDC,"Stavudine 15mg, capsules, 60 Caps",Stavudine,Generic,15mg,Capsule,60,168,221.76,1.32,0.02,"Aurobindo Unit III, India",No,See DN-2263 (ID#:82959),See DN-2263 (ID#:82959),0.37
59919,116-ZA-T30,FPQ-13214,SCMS-215410,ASN-23875,South Africa,PMO - US,Direct Drop,DDP,Truck,11/14/13,12/2/13,13-Jan-14,13-Jan-14,13-Jan-14,ARV,Adult,S. BUYS WHOLESALER,"Stavudine 30mg, capsules, 60 Caps",Stavudine,Generic,30mg,Capsule,60,44,163.95,3.73,0.06,"Aurobindo Unit III, India",No,Weight Captured Separately,Freight Included in Commodity Cost,0.17
35300,108-VN-T30,FPQ-6818,SCMS-97840,ASN-10792,Vietnam,PMO - US,Direct Drop,EXW,Air,1/17/11,2/9/11,6-Jun-11,6-Jun-11,6-Jun-11,ARV,Adult,HETERO LABS LIMITED,"Stavudine 30mg, capsules, 60 Caps",Stavudine,Generic,30mg,Capsule,60,21000,30450.0,1.45,0.02,Hetero Unit III Hyderabad IN,Yes,1516,11915.51,50.24
83255,111-MZ-T30,FPQ-14226,SO-48883,DN-3875,Mozambique,PMO - US,From RDC,N/A - From RDC,Truck,5/2/14,N/A - From RDC,31-Dec-14,30-Oct-14,7-Nov-14,ARV,Adult,SCMS from RDC,"Efavirenz 600mg, tablets, 30 Tabs",Efavirenz,Generic,600mg,Tablet,30,30860,99060.6,3.21,0.11,"Cipla, Goa, India",Yes,19965,14767.58,101.83
22511,110-ZM-T30,FPQ-14790,SCMS-253023,ASN-31631,Zambia,PMO - US,Direct Drop,FCA,Air,8/13/14,8/20/14,23-Apr-15,23-Apr-15,23-Apr-15,ARV,Pediatric,ABBVIE LOGISTICS (FORMERLY ABBOTT LOGISTICS BV),"Lopinavir/Ritonavir 80/20mg/ml [Kaletra], oral solution, cool, Bottle 5 x 60 ml",Lopinavir/Ritonavir,Kaletra,80/20mg/ml,Oral solution,300,2266,69838.12,30.82,0.1,ABBVIE (Abbott) Logis. UK,Yes,2272,13949.95,71.79
85044,110-ZM-T30,FPQ-14784,SO-49620,DN-4315,Zambia,PMO - US,From RDC,N/A - From RDC,Truck,8/12/14,N/A - From RDC,15-Aug-15,25-Aug-15,3-Sep-15,ARV,Adult,SCMS from RDC,"Nevirapine 200mg, tablets, 60 Tabs",Nevirapine,Generic,200mg,Tablet,60,221000,481780.0,2.18,0.04,Hetero Unit III Hyderabad IN,No,Weight Captured Separately,Freight Included in Commodity Cost,495.27
8231,100-HT-T01,Pre-PQ Process,SCMS-15470,ASN-2759,Haiti,PMO - US,Direct Drop,EXW,Air,Pre-PQ Process,1/5/08,11-Nov-08,11-Nov-08,11-Nov-08,HRDT,HIV test,"Trinity Biotech, Plc","HIV 1/2, Capillus HIV Kit, 100 Tests","HIV 1/2, Capillus HIV Kit",Capillus,,Test kit,100,2,278.0,139.0,1.39,"Trinity Biotech, Plc",Yes,4,523.12,0.54
82405,151-NG-T30,FPQ-7812,SO-39998,DN-2358,Nigeria,PMO - US,From RDC,N/A - From RDC,Air Charter,6/6/11,N/A - From RDC,3-Nov-11,28-Sep-11,28-Sep-11,ARV,Adult,SCMS from RDC,"Lamivudine/Zidovudine 150/300mg, tablets, 60 Tabs",Lamivudine/Zidovudine,Generic,150/300mg,Tablet - FDC,60,3446,28463.96,8.26,0.14,Mylan (formerly Matrix) Nashik,Yes,6622,18495.9,46.97
84715,114-UG-T30,FPQ-8522,SO-40932,DN-2602,Uganda,PMO - US,From RDC,N/A - From RDC,Truck,10/5/11,N/A - From RDC,16-Apr-12,27-Mar-12,27-Mar-12,ARV,Adult,SCMS from RDC,"Efavirenz 600mg, tablets, 30 Tabs",Efavirenz,Generic,600mg,Tablet,30,24657,101586.84,4.12,0.14,"Strides, Bangalore, India.",Yes,1511,7403.01,167.62
82919,113-ZW-T30,FPQ-4694,SO-35380,DN-2019,Zimbabwe,PMO - US,From RDC,N/A - From RDC,Truck,12/8/09,N/A - From RDC,30-Sep-10,4-Oct-10,4-Oct-10,ARV,Adult,SCMS from RDC,"Lamivudine/Stavudine 150/30mg, tablets, 60 Tabs",Lamivudine/Stavudine,Generic,150/30mg,Tablet - FDC,60,5900,19352.0,3.28,0.05,"Cipla, Goa, India",Yes,18105,16594.87,41.72
52280,102-KE-T30,FPQ-4250,SCMS-55901,ASN-5639,Kenya,PMO - US,Direct Drop,EXW,Air,9/16/09,10/22/09,11-Jan-10,11-Jan-10,11-Jan-10,HRDT,HIV test,"Trinity Biotech, Plc","HIV 1/2, Uni-Gold HIV Kit, 20 Tests","HIV 1/2, Uni-Gold HIV Kit",Uni-Gold,,Test kit,20,1000,32000.0,32.0,1.6,"Trinity Biotech, Plc",Yes,347,4259.57,62.72
16693,102-KE-T30,FPQ-7056,SCMS-98350,ASN-10471,Kenya,PMO - US,Direct Drop,FCA,Air,1/19/11,2/3/11,17-May-11,17-May-11,17-May-11,HRDT,HIV test,"Orgenics, Ltd","HIV 1/2, Determine Complete HIV Kit, 100 Tests","HIV 1/2, Determine Complete HIV Kit",Determine,,Test kit,100,12315,1096035.0,89.0,0.89,Inverness Japan,Yes,3637,38452.73,1808.46
64020,161-ZA-T30,FPQ-6262,SCMS-83830,ASN-9490,South Africa,PMO - US,Direct Drop,DDP,Ocean,8/31/10,9/24/10,4-Mar-11,4-Mar-11,4-Mar-11,ARV,Pediatric,Aurobindo Pharma Limited,"Lamivudine 10mg/ml, oral solution w/syringe, Bottle, 240 ml",Lamivudine,Generic,10mg/ml,Oral solution,240,48264,97493.28,2.02,0.01,"Aurobindo Unit III, India",Yes,17436,10446.36,210.2
65748,108-VN-T30,FPQ-13034,SCMS-210150,ASN-24398,Vietnam,PMO - US,Direct Drop,EXW,Air,10/4/13,10/10/13,23-Apr-14,23-Apr-14,23-Apr-14,ARV,Adult,HETERO LABS LIMITED,"Efavirenz 600mg, tablets, 30 Tabs",Efavirenz,Generic,600mg,Tablet,30,12984,42068.16,3.24,0.11,Hetero Unit III Hyderabad IN,No,See ASN-24398 (ID#:18664),See ASN-24398 (ID#:18664),52.04
84176,109-TZ-T30,FPQ-9271,SO-41581,DN-2718,Tanzania,PMO - US,From RDC,N/A - From RDC,Truck,1/31/12,N/A - From RDC,1-Aug-12,25-Jul-12,25-Jul-12,ARV,Adult,SCMS from RDC,"Tenofovir Disoproxil Fumarate 300mg, tablets, 30 Tabs",Tenofovir Disoproxil Fumarate,Generic,300mg,Tablet,30,80,440.0,5.5,0.18,Mylan (formerly Matrix) Nashik,Yes,841,3549.9,0.62
67194,113-ZW-T30,FPQ-13939,SCMS-240570,ASN-27583,Zimbabwe,PMO - US,Direct Drop,EXW,Air Charter,4/1/14,5/27/14,17-Sep-14,17-Sep-14,19-Sep-14,ARV,Adult,HETERO LABS LIMITED,"Lamivudine/Tenofovir Disoproxil Fumarate 300/300mg, tablets, 30 Tabs",Lamivudine/Tenofovir Disoproxil Fumarate,Generic,300/300mg,Tablet - FDC,30,42240,195148.8,4.62,0.15,Hetero Unit III Hyderabad IN,Yes,4589,27376.22,200.61
86691,111-MZ-T30,FPQ-13575,SO-47702,DN-3744,Mozambique,PMO - US,From RDC,N/A - From RDC,Truck,1/17/14,N/A - From RDC,31-Aug-14,18-Jul-14,7-Aug-14,ARV,Adult,SCMS from RDC,"Efavirenz/Lamivudine/Tenofovir Disoproxil Fumarate 600/300/300mg, tablets, 30 Tabs",Efavirenz/Lamivudine/Tenofovir Disoproxil Fumarate,Generic,600/300/300mg,Tablet - FDC,30,247500,2668050.0,10.78,0.36,Mylan (formerly Matrix) Nashik,No,See DN-3744 (ID#:85483),See DN-3744 (ID#:85483),2742.76
86343,110-ZM-T30,FPQ-5702,SO-36840,DN-2030,Zambia,PMO - US,From RDC,N/A - From RDC,Truck,5/20/10,N/A - From RDC,4-Nov-10,22-Oct-10,22-Oct-10,ARV,Adult,SCMS from RDC,"Lamivudine/Stavudine 150/30mg, tablets, 60 Tabs",Lamivudine/Stavudine,Generic,150/30mg,Tablet - FDC,60,40900,134152.0,3.28,0.05,"Cipla, Goa, India",Yes,3127,8109.92,289.23
9000,106-HT-T01,Pre-PQ Process,SCMS-40050,ASN-3743,Haiti,PMO - US,Direct Drop,EXW,Air,Pre-PQ Process,3/6/09,21-Apr-09,21-Apr-09,21-Apr-09,ARV,Adult,MYLAN LABORATORIES LTD (FORMERLY MATRIX LABORATORIES),"Tenofovir Disoproxil Fumarate 300mg, tablets, 30 Tabs",Tenofovir Disoproxil Fumarate,Generic,300mg,Tablet,30,560,5040.0,9.0,0.3,Mylan (formerly Matrix) Nashik,Yes,32050,806.55,9.88
11315,151-NG-T01,Pre-PQ Process,SO-22528,DN-1210,Nigeria,PMO - US,From RDC,N/A - From RDC,Air,Pre-PQ Process,N/A - From RDC,14-May-09,14-May-09,14-May-09,ARV,Adult,SCMS from RDC,"Lamivudine/Nevirapine/Zidovudine 150/200/300mg, tablets, 60 Tabs",Lamivudine/Nevirapine/Zidovudine,Generic,150/300/200mg,Tablet - FDC,60,16698,190357.2,11.4,0.19,"Aurobindo Unit III, India",Yes,1901,18638.84,373.1
21193,127-KE-T30,FPQ-7684,SCMS-109250,ASN-11441,Kenya,PMO - US,Direct Drop,EXW,Air,5/5/11,5/19/11,9-Aug-11,11-Aug-11,11-Aug-11,HRDT,HIV test,"Orgenics, Ltd","HIV 1/2, Determine Complete HIV Kit, 100 Tests","HIV 1/2, Determine Complete HIV Kit",Determine,,Test kit,100,8331,741459.0,89.0,0.89,Inverness Japan,Yes,1980,37548.87,1223.41
82342,109-TZ-T30,FPQ-5436,SO-36630,DN-1953,Tanzania,PMO - US,From RDC,N/A - From RDC,Air,4/1/10,N/A - From RDC,26-Aug-10,23-Aug-10,23-Aug-10,ARV,Adult,SCMS from RDC,"Tenofovir Disoproxil Fumarate 300mg, tablets, 30 Tabs",Tenofovir Disoproxil Fumarate,Generic,300mg,Tablet,30,3000,21900.0,7.3,0.24,Mylan (formerly Matrix) Nashik,Yes,269,1647.25,47.22
23267,116-ZA-T30,FPQ-12522,SCMS-199289,ASN-28037,South Africa,PMO - US,Direct Drop,DDP,Truck,7/11/13,8/29/14,29-Aug-14,29-Aug-14,29-Aug-14,ARV,Pediatric,S. BUYS WHOLESALER,"Efavirenz 50mg, capsule, 30 Caps",Efavirenz,Generic,50mg,Capsule,30,92,305.1,3.32,0.11,"Aurobindo Unit III, India",No,Weight Captured Separately,Freight Included in Commodity Cost,0.38
82493,110-ZM-T30,FPQ-9472,SO-41720,DN-2763,Zambia,PMO - US,From RDC,N/A - From RDC,Truck,3/8/12,N/A - From RDC,31-Jul-12,1-Aug-12,1-Aug-12,ARV,Adult,SCMS from RDC,"Abacavir 300mg, tablets, 60 Tabs",Abacavir,Generic,300mg,Tablet,60,2548,33022.08,12.96,0.22,"Aurobindo Unit III, India",Yes,3090,11188.53,46.3
35444,109-TZ-T30,FPQ-12588,SCMS-200840,ASN-22941,Tanzania,PMO - US,Direct Drop,FCA,Air,7/15/13,8/9/13,31-Dec-13,31-Dec-13,3-Jan-14,ARV,Pediatric,ABBVIE LOGISTICS (FORMERLY ABBOTT LOGISTICS BV),"Lopinavir/Ritonavir 100/25mg [Aluvia], tablets, 60 Tabs",Lopinavir/Ritonavir,Generic,100/25mg,Tablet,60,1764,10478.16,5.94,0.1,ABBVIE Ludwigshafen Germany,Yes,209,2177.56,12.96
23381,100-ZW-T30,FPQ-6716,SCMS-95570,ASN-10269,Zimbabwe,PMO - US,Direct Drop,CIF,Air,12/10/10,1/12/11,10-May-11,10-May-11,10-May-11,HRDT,HIV test,BIOLYTICAL LABORATORIES INC.,"#109440**HIV 1/2, INSTI HIV Antibody Individual POC, 1 Test","HIV 1/2, INSTI HIV Antibody Individual POC, 1 Test",INSTi,,Test kit,1,7199,23396.75,3.25,3.25,bioLytical Laboratories,Yes,369,1014.5,38.6
60273,106-HT-T30,FPQ-14895,SCMS-260950,ASN-29640,Haiti,PMO - US,Direct Drop,EXW,Air,9/24/14,11/15/14,20-Jan-15,20-Jan-15,21-Jan-15,ARV,Pediatric,STRIDES ARCOLAB LIMITED,"Efavirenz 200mg, capsule, 90 Caps",Efavirenz,Generic,200mg,Capsule,90,2440,22692.0,9.3,0.1,"Strides, Bangalore, India.",Yes,163,1659.21,23.33
76833,109-TZ-T30,FPQ-9211,SCMS-135870,ASN-13850,Tanzania,PMO - US,Direct Drop,EXW,Air,1/25/12,1/27/12,7-Mar-12,7-Mar-12,7-Mar-12,HRDT,HIV test,"Orgenics, Ltd","HIV 1/2, Determine Complete HIV Kit, 100 Tests","HIV 1/2, Determine Complete HIV Kit",Determine,,Test kit,100,2072,165760.0,80.0,0.8,"Alere Medical Co., Ltd.",Yes,989,17512.52,232.4
64685,105-GY-T30,FPQ-12235,SCMS-190750,ASN-20442,Guyana,PMO - US,Direct Drop,EXW,Air,5/6/13,5/21/13,17-Jul-13,17-Jul-13,17-Jul-13,HRDT,HIV test,"CHEMBIO DIAGNOSTIC SYSTEMS, INC.","HIV 1/2, Stat-Pak HIV, Kit, 20 Tests","HIV 1/2, Stat-Pak HIV, Kit",Stat-Pak,,Test kit,20,25,725.0,29.0,1.45,Chembio Diagnostics Sys. Inc.,Yes,7,130,0.9
32973,116-ZA-T30,FPQ-14942,SCMS-259078,ASN-33473,South Africa,PMO - US,Direct Drop,DDP,Truck,9/11/14,10/9/14,24-Jul-15,24-Jul-15,24-Jul-15,ARV,Adult,PHARMACY DIRECT,"Raltegravir 400mg [Isentress], tablets, 60 Tabs",Raltegravir,Isentress,400mg,Tablet,60,30,1972.56,65.75,1.1,"MSD, Haarlem, NL",No,Weight Captured Separately,Freight Included in Commodity Cost,2.03
10825,113-ZW-T01,Pre-PQ Process,SO-279,DN-187,Zimbabwe,PMO - US,From RDC,N/A - From RDC,,Pre-PQ Process,N/A - From RDC,12-Jun-07,12-Jun-07,12-Jun-07,ARV,Adult,SCMS from RDC,"Lamivudine 150mg, tablets, 60 Tabs",Lamivudine,Generic,150mg,Tablet,60,2329,7615.83,3.27,0.05,"Ranbaxy, Paonta Shahib, India",Yes,153,1013.24,12.19
84416,110-ZM-T30,FPQ-14162,SO-48672,DN-3950,Zambia,PMO - US,From RDC,N/A - From RDC,Truck,4/24/14,N/A - From RDC,31-Oct-14,2-Oct-14,22-Oct-14,ARV,Adult,SCMS from RDC,"Lamivudine/Zidovudine 150/300mg, tablets, 60 Tabs",Lamivudine/Zidovudine,Generic,150/300mg,Tablet - FDC,60,79914,527432.4,6.6,0.11,"Aurobindo Unit III, India",Yes,7194,9410.57,542.2
82436,101-CD-T30,FPQ-8840,SO-41138,DN-2500,"Congo, DRC",PMO - US,From RDC,N/A - From RDC,Air,11/21/11,N/A - From RDC,10-Feb-12,14-Feb-12,14-Feb-12,ARV,Adult,SCMS from RDC,"Lamivudine/Nevirapine/Zidovudine 150/200/300mg, tablets, 60 Tabs",Lamivudine/Nevirapine/Zidovudine,Generic,150/300/200mg,Tablet - FDC,60,1176,12936.0,11.0,0.18,Mylan (formerly Matrix) Nashik,Yes,308,1824.72,18.14
82407,901-SZ-T30,FPQ-8360,SO-40590,DN-2360,Swaziland,PMO - US,From RDC,N/A - From RDC,Air,9/2/11,N/A - From RDC,30-Sep-11,15-Sep-11,15-Sep-11,ARV,Adult,SCMS from RDC,"Abacavir 300mg, tablets, 60 Tabs",Abacavir,Generic,300mg,Tablet,60,4224,61797.12,14.63,0.24,Mylan (formerly Matrix) Nashik,Yes,1926,3134.82,101.97
63807,104-CI-T30,FPQ-12714,SCMS-205010,ASN-23353,Côte d'Ivoire,PMO - US,Direct Drop,EXW,Air,7/30/13,9/2/13,3-Jan-14,3-Jan-14,6-Jan-14,ARV,Pediatric,Aurobindo Pharma Limited,"Nevirapine 50mg, dispersible tablets (tablets for oral suspension), 30 Tabs",Nevirapine,Generic,50mg,Chewable/dispersible tablet,30,6500,8125.0,1.25,0.04,"Aurobindo Unit III, India",Yes,406,4837.38,10.05
6106,117-ET-T01,Pre-PQ Process,SCMS-32410,ASN-2903,Ethiopia,PMO - US,Direct Drop,EXW,Air,Pre-PQ Process,10/22/08,30-Jan-09,24-Nov-08,24-Nov-08,HRDT,HIV test,"CHEMBIO DIAGNOSTIC SYSTEMS, INC.","HIV 1/2, Stat-Pak HIV, Kit, 20 Tests","HIV 1/2, Stat-Pak HIV, Kit",Stat-Pak,,Test kit,20,8964,242028.0,27.0,1.35,Chembio Diagnostics Sys. Inc.,Yes,3231,15619.2,474.37
23724,161-ZA-T30,FPQ-7400,SCMS-104170,ASN-11477,South Africa,PMO - US,Direct Drop,DDP,Ocean,3/11/11,3/30/11,23-Sep-11,23-Sep-11,23-Sep-11,ARV,Pediatric,GLAXOSMITHKLINE EXPORT LIMITED,"Abacavir 20mg/ml [Ziagen], oral solution, Bottle, 240 ml",Abacavir,Ziagen,20mg/ml,Oral solution,240,20000,185600.0,9.28,0.04,GSK Mississauga (Canada),Yes,7656,9650.6,306.24
20280,123-NG-T30,FPQ-4066,SCMS-51270,ASN-5524,Nigeria,PMO - US,Direct Drop,FCA,Air,8/3/09,8/12/09,15-Dec-09,15-Dec-09,15-Dec-09,ARV,Adult,Hoffmann-La Roche ltd Basel,"Saquinavir 500mg [Invirase], tablets, 120 Tabs",Saquinavir,Invirase,500mg,Tablet,120,500,47667.85,95.34,0.79,Roche Basel,Yes,83,852.02,93.43
27462,105-GY-T30,FPQ-12057,SCMS-188860,ASN-21852,Guyana,PMO - US,Direct Drop,FCA,Air,4/15/13,5/23/13,29-Oct-13,29-Oct-13,29-Oct-13,ARV,Pediatric,ABBVIE LOGISTICS (FORMERLY ABBOTT LOGISTICS BV),"Lopinavir/Ritonavir 80/20mg/ml [Kaletra], oral solution, cool, Bottle 5 x 60 ml",Lopinavir/Ritonavir,Kaletra,80/20mg/ml,Oral solution,300,12,729.84,60.82,0.2,ABBVIE (Abbott) Logis. UK,Yes,48,749.36,0.9
86432,105-GY-T30,FPQ-8621,SO-41020,DN-2482,Guyana,PMO - US,From RDC,N/A - From RDC,Air,10/27/11,N/A - From RDC,27-Jan-12,18-Jan-12,18-Jan-12,ARV,Pediatric,SCMS from RDC,"Zidovudine 10mg/ml, oral solution w/syringe, Bottle, 240 ml",Zidovudine,Generic,10mg/ml,Oral solution,240,369,774.9,2.1,0.01,"Aurobindo Unit III, India",Yes,103,2270.54,1.09
83187,111-MZ-T30,FPQ-12416,SO-45893,DN-3428,Mozambique,PMO - US,From RDC,N/A - From RDC,Truck,6/28/13,N/A - From RDC,29-Nov-13,30-Jan-14,17-Feb-14,ARV,Adult,SCMS from RDC,"Abacavir 300mg, tablets, 60 Tabs",Abacavir,Generic,300mg,Tablet,60,6275,71911.5,11.46,0.19,Mylan (formerly Matrix) Nashik,No,See DN-3428 (ID#:83186),See DN-3428 (ID#:83186),88.95
44962,114-UG-T30,FPQ-9365,SCMS-142260,ASN-14702,Uganda,PMO - US,Direct Drop,FCA,Air,3/15/12,4/4/12,4-May-12,4-May-12,4-May-12,ARV,Pediatric,ABBVIE LOGISTICS (FORMERLY ABBOTT LOGISTICS BV),"Lopinavir/Ritonavir 100/25mg [Aluvia], tablets, 60 Tabs",Lopinavir/Ritonavir,Generic,100/25mg,Tablet,60,210,1554.0,7.4,0.12,ABBVIE Ludwigshafen Germany,Yes,36,677.4,2.18
5036,116-ZA-T01,Pre-PQ Process,SCMS-40850,ASN-3611,South Africa,PMO - US,Direct Drop,DDP,Air,Pre-PQ Process,Date Not Captured,16-Jun-09,28-Jan-09,28-Jan-09,ARV,Adult,S. BUYS WHOLESALER,"Zidovudine 300mg, tablets, 60 Tabs",Zidovudine,Generic,300mg,Tablet,60,6800,82620.0,12.15,0.2,"Aurobindo Unit III, India",Yes,Weight Captured Separately,Freight Included in Commodity Cost,161.94
85759,110-ZM-T30,FPQ-6222,SO-38600,DN-2196,Zambia,PMO - US,From RDC,N/A - From RDC,Truck,8/20/10,N/A - From RDC,14-Apr-11,10-Jun-11,10-Jun-11,ARV,Adult,SCMS from RDC,"Efavirenz 600mg, tablets, 30 Tabs",Efavirenz,Generic,600mg,Tablet,30,170858,721020.76,4.22,0.14,Hetero Unit III Hyderabad IN,No,See DN-2196 (ID#:84086),See DN-2196 (ID#:84086),1554.52
82425,151-NG-T30,FPQ-8364,SO-40654,DN-2462,Nigeria,PMO - US,From RDC,N/A - From RDC,Air Charter,8/29/11,N/A - From RDC,2-Mar-12,18-Dec-11,18-Dec-11,ARV,Adult,SCMS from RDC,"Nevirapine 200mg, tablets, 60 Tabs",Nevirapine,Generic,200mg,Tablet,60,60000,154800.0,2.58,0.04,Hetero Unit III Hyderabad IN,Yes,9746,15322.73,255.42
83862,111-MZ-T30,FPQ-14226,SO-48880,DN-4032,Mozambique,PMO - US,From RDC,N/A - From RDC,Truck,5/2/14,N/A - From RDC,2-Mar-15,2-Mar-15,9-Mar-15,ARV,Adult,SCMS from RDC,"Lopinavir/Ritonavir 200/50mg, tablets, 120 Tabs",Lopinavir/Ritonavir,Generic,200/50mg,Tablet,120,29998,581361.24,19.38,0.16,Mylan (formerly Matrix) Nashik,No,See DN-4032 (ID#:82757),See DN-4032 (ID#:82757),597.64
86377,151-NG-T30,FPQ-6800,SO-39190,DN-2169,Nigeria,PMO - US,From RDC,N/A - From RDC,Air Charter,12/7/10,N/A - From RDC,21-Jun-11,10-May-11,10-May-11,ARV,Adult,SCMS from RDC,"Lamivudine 150mg, tablets, 60 Tabs",Lamivudine,Generic,150mg,Tablet,60,21200,49396.0,2.33,0.04,"Aurobindo Unit III, India",Yes,1012,12601.07,81.5
14331,108-VN-T30,FPQ-3896,SCMS-48280,ASN-4871,Vietnam,PMO - US,Direct Drop,EXW,Air,6/25/09,6/29/09,28-Sep-09,28-Sep-09,28-Sep-09,ARV,Adult,MYLAN LABORATORIES LTD (FORMERLY MATRIX LABORATORIES),"Efavirenz 600mg, tablets, 30 Tabs",Efavirenz,Generic,600mg,Tablet,30,3528,22932.0,6.5,0.22,Mylan (formerly Matrix) Nashik,Yes,383,1162.52,44.95
84392,113-ZW-T30,FPQ-13508,SO-47540,DN-3825,Zimbabwe,PMO - US,From RDC,N/A - From RDC,Truck,12/24/13,N/A - From RDC,30-Sep-14,29-Jun-14,4-Aug-14,ARV,Adult,SCMS from RDC,"Lamivudine/Tenofovir Disoproxil Fumarate 300/300mg, tablets, 30 Tabs",Lamivudine/Tenofovir Disoproxil Fumarate,Generic,300/300mg,Tablet - FDC,30,140000,648200.0,4.63,0.15,Hetero Unit III Hyderabad IN,No,See DN-3825 (ID#:82702),See DN-3825 (ID#:82702),666.35
11810,100-ZW-T01,Pre-PQ Process,SO-1150,DN-425,Zimbabwe,PMO - US,From RDC,N/A - From RDC,Air,Pre-PQ Process,N/A - From RDC,16-Nov-07,16-Nov-07,16-Nov-07,ARV,Adult,SCMS from RDC,"Lamivudine/Nevirapine/Stavudine 150/200/30mg, tablets, 60 Tabs",Lamivudine/Nevirapine/Stavudine,Generic,150/200/30mg,Tablet - FDC,60,22240,164576.0,7.4,0.12,"Cipla, Goa, India",Yes,2262,7364.52,263.32
83470,200-DO-T30,FPQ-6616,SO-38030,DN-2066,Dominican Republic,PMO - US,From RDC,N/A - From RDC,Air,10/25/10,N/A - From RDC,30-Nov-10,14-Dec-10,14-Dec-10,ARV,Adult,SCMS from RDC,"Abacavir 300mg, tablets, 60 Tabs",Abacavir,Generic,300mg,Tablet,60,3073,48829.97,15.89,0.26,Mylan (formerly Matrix) Nashik,Yes,594,4996.2,80.57
28691,116-ZA-T30,FPQ-12522,SCMS-199283,ASN-27979,South Africa,PMO - US,Direct Drop,DDP,Truck,7/11/13,8/27/14,27-Aug-14,27-Aug-14,27-Aug-14,ARV,Adult,S. BUYS WHOLESALER,"Lopinavir/Ritonavir 200/50mg [Aluvia], tablets, 120 Tabs",Lopinavir/Ritonavir,Aluvia,200/50mg,Tablet,120,31,798.55,25.76,0.21,ABBVIE Ludwigshafen Germany,No,Weight Captured Separately,Freight Included in Commodity Cost,0.99
85659,104-CI-T30,FPQ-4378,SO-34412,DN-1671,Côte d'Ivoire,PMO - US,From RDC,N/A - From RDC,Air,10/15/09,N/A - From RDC,9-Mar-10,10-Mar-10,10-Mar-10,ARV,Pediatric,SCMS from RDC,"Lamivudine 10mg/ml, oral solution, Bottle, 240 ml",Lamivudine,Generic,10mg/ml,Oral solution,240,4340,8246.0,1.9,0.01,"Cipla, Goa, India",No,See DN-1671 (ID#:82863),See DN-1671 (ID#:82863),16.16
43600,108-VN-T30,FPQ-13034,SCMS-210150,ASN-24398,Vietnam,PMO - US,Direct Drop,EXW,Air,10/4/13,10/10/13,23-Apr-14,23-Apr-14,23-Apr-14,ARV,Adult,HETERO LABS LIMITED,"Tenofovir Disoproxil Fumarate 300mg, tablets, 30 Tabs",Tenofovir Disoproxil Fumarate,Generic,300mg,Tablet,30,12317,43725.35,3.55,0.12,Hetero Unit III Hyderabad IN,No,See ASN-24398 (ID#:18664),See ASN-24398 (ID#:18664),54.09
39769,102-SD-T30,FPQ-8264,SCMS-121852,ASN-13538,Sudan,PMO - US,Direct Drop,EXW,Air,9/7/11,9/14/11,20-Feb-12,20-Feb-12,20-Feb-12,HRDT,HIV test - Ancillary,"Orgenics, Ltd","Capillary Tubes, for Determine, EDTA, 50uL,100 Pcs","HIV, Capillary Tubes, for Determine, EDTA, 50uL,100 Pcs",Determine,,Test kit - Ancillary,100,2,16.0,8.0,0.08,"Alere Medical Co., Ltd.",Yes,2,980.7,0.03
83554,111-MZ-T30,FPQ-8157,SO-40370,DN-2488,Mozambique,PMO - US,From RDC,N/A - From RDC,Truck,8/4/11,N/A - From RDC,29-Feb-12,8-Mar-12,8-Mar-12,ARV,Adult,SCMS from RDC,"Nevirapine 200mg, tablets, 60 Tabs",Nevirapine,Generic,200mg,Tablet,60,2940,7203.0,2.45,0.04,"Aurobindo Unit VII, IN",No,See DN-2488 (ID#:83553),See DN-2488 (ID#:83553),11.88
83847,109-TZ-T30,FPQ-13042,SO-46700,DN-3967,Tanzania,PMO - US,From RDC,N/A - From RDC,Truck,10/1/13,N/A - From RDC,28-Nov-14,20-Nov-14,21-Nov-14,ARV,Pediatric,SCMS from RDC,"Lamivudine/Nevirapine/Zidovudine 30/50/60mg, dispersible tablets, 60 Tabs",Lamivudine/Nevirapine/Zidovudine,Generic,30/50/60mg,Chewable/dispersible tablet - FDC,60,18317,71253.13,3.89,0.06,Mylan (formerly Matrix) Nashik,Yes,581,6311.88,88.14
84024,113-ZW-T30,FPQ-4694,SO-35351,DN-1948,Zimbabwe,PMO - US,From RDC,N/A - From RDC,Air,12/8/09,N/A - From RDC,30-Jul-10,22-Jul-10,22-Jul-10,ARV,Adult,SCMS from RDC,"Zidovudine 300mg, tablets, 60 Tabs",Zidovudine,Generic,300mg,Tablet,60,5880,42394.8,7.21,0.12,"Aurobindo Unit III, India",No,See DN-1948 (ID#:82906),See DN-1948 (ID#:82906),91.4
86408,114-UG-T30,FPQ-7267,SO-39070,DN-2333,Uganda,PMO - US,From RDC,N/A - From RDC,Truck,3/4/11,N/A - From RDC,20-Sep-11,6-Sep-11,6-Sep-11,ARV,Adult,SCMS from RDC,"Efavirenz/Emtricitabine/Tenofovir Disoproxil Fumarate 600/200/300mg, tablets, 30 Tabs",Efavirenz/Emtricitabine/Tenofovir Disoproxil Fumarate,Generic,600/200/300mg,Tablet - FDC,30,3360,66931.2,19.92,0.66,Mylan (formerly Matrix) Nashik,Yes,617,2886.92,110.44
44330,116-ZA-T30,FPQ-12522,SCMS-199283,ASN-27979,South Africa,PMO - US,Direct Drop,DDP,Truck,7/11/13,8/27/14,27-Aug-14,27-Aug-14,27-Aug-14,ARV,Pediatric,S. BUYS WHOLESALER,"Lamivudine 10mg/ml, oral solution w/syringe, Bottle, 240 ml",Lamivudine,Generic,10mg/ml,Oral solution,240,14,111.95,8.0,0.03,"Aurobindo Unit III, India",No,Weight Captured Separately,Freight Included in Commodity Cost,0.14
85674,106-HT-T30,FPQ-4384,SO-34640,DN-1842,Haiti,PMO - US,From RDC,N/A - From RDC,Air,10/23/09,N/A - From RDC,2-Jun-10,9-Jun-10,9-Jun-10,ARV,Pediatric,SCMS from RDC,"Abacavir 20mg/ml, oral solution, Bottle, 240 ml",Abacavir,Generic,20mg/ml,Oral solution,240,256,3481.6,13.6,0.06,"Aurobindo Unit III, India",No,See DN-1842 (ID#:84007),See DN-1842 (ID#:84007),7.51
37578,104-CI-T30,FPQ-6037,SCMS-80620,ASN-8761,Côte d'Ivoire,PMO - US,Direct Drop,EXW,Air,7/14/10,7/30/10,24-Nov-10,24-Nov-10,24-Nov-10,HRDT,HIV test,"CHEMBIO DIAGNOSTIC SYSTEMS, INC.","HIV 1/2, Stat-Pak HIV, Kit, 20 Tests","HIV 1/2, Stat-Pak HIV, Kit",Stat-Pak,,Test kit,20,2825,76275.0,27.0,1.35,Chembio Diagnostics Sys. Inc.,Yes,1038,3360.75,164.45
28689,116-ZA-T30,FPQ-3560,SCMS-50940,ASN-5424,South Africa,PMO - US,Direct Drop,DDP,Truck,5/7/09,8/3/09,8-Oct-09,8-Oct-09,8-Oct-09,ARV,Pediatric,S. BUYS WHOLESALER,"Efavirenz 50mg, capsule, 30 Caps",Efavirenz,Generic,50mg,Capsule,30,5049,19974.44,3.96,0.13,"Aurobindo Unit III, India",Yes,Weight Captured Separately,Freight Included in Commodity Cost,39.15
84152,900-SS-T30,FPQ-8624,SO-41080,DN-2581,South Sudan,PMO - US,From RDC,N/A - From RDC,Air,11/4/11,N/A - From RDC,21-Mar-12,8-Mar-12,8-Mar-12,ARV,Adult,SCMS from RDC,"Lamivudine 150mg, tablets, 60 Tabs",Lamivudine,Generic,150mg,Tablet,60,200,466.0,2.33,0.04,Macleods Daman Plant INDIA,No,See DN-2581 (ID#:82457),See DN-2581 (ID#:82457),0.65
61418,114-UG-T30,FPQ-9365,SCMS-142260,ASN-14701,Uganda,PMO - US,Direct Drop,FCA,Air,3/15/12,4/4/12,4-May-12,4-May-12,4-May-12,ARV,Adult,ABBVIE LOGISTICS (FORMERLY ABBOTT LOGISTICS BV),"Ritonavir 100mg [Norvir], film coated tablets, 60 Tabs",Ritonavir,Norvir,100mg,Tablet,60,625,4281.25,6.85,0.11,ABBVIE Ludwigshafen Germany,Yes,86,86,6.0
12603,114-UG-T01,Pre-PQ Process,SO-30120,DN-1369,Uganda,PMO - US,From RDC,N/A - From RDC,Air,Date Not Captured,N/A - From RDC,10-Aug-09,10-Aug-09,10-Aug-09,ARV,Adult,SCMS from RDC,"Lamivudine/Zidovudine 150/300mg, tablets, 60 Tabs",Lamivudine/Zidovudine,Generic,150/300mg,Tablet - FDC,60,2420,21199.2,8.76,0.15,Mylan (formerly Matrix) Nashik,Yes,202,1534.1,41.55
21563,109-TZ-T30,FPQ-13927,SCMS-233190,ASN-25567,Tanzania,PMO - US,Direct Drop,EXW,Ocean,3/21/14,3/31/14,27-May-14,27-May-14,12-Jun-14,ARV,Pediatric,MYLAN LABORATORIES LTD (FORMERLY MATRIX LABORATORIES),"Lamivudine/Nevirapine/Zidovudine 30/50/60mg, dispersible tablets, 60 Tabs",Lamivudine/Nevirapine/Zidovudine,Generic,30/50/60mg,Chewable/dispersible tablet - FDC,60,115000,414000.0,3.6,0.06,Mylan (formerly Matrix) Nashik,Yes,10504,28270.78,425.59
85520,109-TZ-T30,FPQ-13042,SO-46702,DN-3868,Tanzania,PMO - US,From RDC,N/A - From RDC,Truck,10/1/13,N/A - From RDC,29-Aug-14,29-Sep-14,6-Oct-14,ARV,Pediatric,SCMS from RDC,"Lamivudine/Nevirapine/Zidovudine 30/50/60mg, dispersible tablets, 60 Tabs",Lamivudine/Nevirapine/Zidovudine,Generic,30/50/60mg,Chewable/dispersible tablet - FDC,60,57859,215814.07,3.73,0.06,Mylan (formerly Matrix) Nashik,Yes,3090,17858.3,266.96
49378,110-ZM-T30,FPQ-4141,SCMS-53260,ASN-5857,Zambia,PMO - US,Direct Drop,EXW,Air,8/31/09,9/11/09,3-Feb-10,3-Feb-10,3-Feb-10,HRDT,HIV test,"Trinity Biotech, Plc","HIV 1/2, Uni-Gold HIV Kit, 20 Tests","HIV 1/2, Uni-Gold HIV Kit",Uni-Gold,,Test kit,20,5500,176000.0,32.0,1.6,"Trinity Biotech, Plc",Yes,1907,17975.84,344.96
2995,116-ZA-T01,Pre-PQ Process,SCMS-16600,ASN-1520,South Africa,PMO - US,Direct Drop,DDP,,Pre-PQ Process,1/4/08,21-Jan-08,4-Jan-08,4-Jan-08,ARV,Adult,"JSI R&T INSTITUTE, INC.","Emtricitabine/Tenofovir Disoproxil Fumarate 200/300mg [Truvada], tablets, 30 Tabs",Emtricitabine/Tenofovir Disoproxil Fumarate,Truvada,300/200mg,Tablet - FDC,30,30,1271.1,42.37,1.41,"Aspen-OSD, Port Elizabeth, SA",No,Weight Captured Separately,Freight Included in Commodity Cost,2.03
85095,151-NG-T30,FPQ-4537,SO-35067,DN-1685,Nigeria,PMO - US,From RDC,N/A - From RDC,Air Charter,11/6/09,N/A - From RDC,19-Apr-10,31-Mar-10,31-Mar-10,ARV,Adult,SCMS from RDC,"Lamivudine/Nevirapine/Zidovudine 150/200/300mg, tablets, 60 Tabs",Lamivudine/Nevirapine/Zidovudine,Generic,150/300/200mg,Tablet - FDC,60,10000,112200.0,11.22,0.19,"Aurobindo Unit III, India",Yes,1169,Freight Included in Commodity Cost,241.9
28086,116-ZA-T30,FPQ-14942,SCMS-259072,ASN-30377,South Africa,PMO - US,Direct Drop,DDP,Truck,9/11/14,1/26/15,26-Jan-15,26-Jan-15,26-Jan-15,ARV,Adult,PHARMACY DIRECT,"Zidovudine 300mg, tablets, 60 Tabs",Zidovudine,Generic,300mg,Tablet,60,12,216.37,18.03,0.3,"Aurobindo Unit III, India",No,Weight Captured Separately,Freight Included in Commodity Cost,0.22
12349,100-CI-T01,Pre-PQ Process,SO-434,DN-78,Côte d'Ivoire,PMO - US,From RDC,N/A - From RDC,,Pre-PQ Process,N/A - From RDC,30-Apr-07,30-Apr-07,30-Apr-07,ARV,Adult,SCMS from RDC,"Efavirenz 600mg, tablets, 30 Tabs",Efavirenz,Generic,600mg,Tablet,30,8148,132405.0,16.25,0.54,"Aurobindo Unit III, India",Yes,742,2658,
82393,114-UG-T30,FPQ-7162,SO-38820,DN-2298,Uganda,PMO - US,From RDC,N/A - From RDC,Truck,2/14/11,N/A - From RDC,29-Jul-11,2-Aug-11,2-Aug-11,ARV,Adult,SCMS from RDC,"Lamivudine/Zidovudine 150/300mg, tablets, 60 Tabs",Lamivudine/Zidovudine,Generic,150/300mg,Tablet - FDC,60,15107,124783.82,8.26,0.14,"Aurobindo Unit III, India",Yes,1409,10928.52,205.89
85999,151-NG-T30,FPQ-11864,SO-44921,DN-3322,Nigeria,PMO - US,From RDC,N/A - From RDC,Air Charter,3/14/13,N/A - From RDC,20-Sep-13,12-Sep-13,12-Sep-13,ARV,Adult,SCMS from RDC,"Efavirenz 600mg, tablets, 30 Tabs",Efavirenz,Generic,600mg,Tablet,30,8917,29693.61,3.33,0.11,"Aurobindo Unit III, India",Yes,857,34218.36,36.73
83484,110-ZM-T30,FPQ-6222,SO-37360,DN-2112,Zambia,PMO - US,From RDC,N/A - From RDC,Truck,8/20/10,N/A - From RDC,26-Feb-11,15-Feb-11,15-Feb-11,ARV,Adult,SCMS from RDC,"Zidovudine 300mg, tablets, 60 Tabs",Zidovudine,Generic,300mg,Tablet,60,10776,77694.96,7.21,0.12,"Aurobindo Unit III, India",Yes,586,8045.76,167.51
86010,151-NG-T30,FPQ-11771,SO-44753,DN-3364,Nigeria,PMO - US,From RDC,N/A - From RDC,Air Charter,2/28/13,N/A - From RDC,31-Oct-13,14-Oct-13,24-Oct-13,ARV,Adult,SCMS from RDC,"Lopinavir/Ritonavir 200/50mg [Aluvia], tablets, 120 Tabs",Lopinavir/Ritonavir,Aluvia,200/50mg,Tablet,120,56260,1137577.2,20.22,0.17,ABBVIE Ludwigshafen Germany,Yes,12427,20225.08,1407.18
82645,104-CI-T30,FPQ-11254,SO-44140,DN-3509,Côte d'Ivoire,PMO - US,From RDC,N/A - From RDC,Truck,12/14/12,N/A - From RDC,31-Jan-14,12-Feb-14,4-Mar-14,ARV,Pediatric,SCMS from RDC,"Abacavir/Lamivudine 60/30mg, tablets, 60 Tabs",Abacavir/Lamivudine,Generic,60/30mg,Tablet - FDC,60,2200,8800.0,4.0,0.07,"Aurobindo Unit III, India",Yes,105,2151.95,10.89
53064,102-KE-T30,FPQ-6406,SCMS-88211,ASN-9550,Kenya,PMO - US,Direct Drop,EXW,Air,9/27/10,11/22/10,10-Feb-11,10-Feb-11,10-Feb-11,HRDT,HIV test,"Orgenics, Ltd","HIV 1/2, Determine Complete HIV Kit, 100 Tests","HIV 1/2, Determine Complete HIV Kit",Determine,,Test kit,100,1,89.0,89.0,0.89,Inverness Japan,Yes,1370,14515.01,0.19
82541,151-NG-T30,FPQ-10477,SO-43042,DN-2994,Nigeria,PMO - US,From RDC,N/A - From RDC,Air Charter,8/9/12,N/A - From RDC,11-Feb-13,11-Feb-13,11-Feb-13,ARV,Adult,SCMS from RDC,"Emtricitabine/Tenofovir Disoproxil Fumarate 200/300mg, tablets, 30 Tabs",Emtricitabine/Tenofovir Disoproxil Fumarate,Generic,200/300mg,Tablet - FDC,30,100000,638000.0,6.38,0.21,Mylan (formerly Matrix) Nashik,Yes,8850,29780.5,894.48
85496,151-NG-T30,FPQ-13293,SO-47285,DN-3791,Nigeria,PMO - US,From RDC,N/A - From RDC,Air Charter,11/19/13,N/A - From RDC,30-Jun-14,20-Jun-14,25-Jun-14,ARV,Adult,SCMS from RDC,"Abacavir/Lamivudine 600/300mg, tablets, 30 Tabs",Abacavir/Lamivudine,Generic,600/300mg,Tablet - FDC,30,19573,264626.96,13.52,0.45,"Cipla, Patalganga, India",Yes,1947,28812.57,272.04
10364,116-ZA-T01,Pre-PQ Process,SCMS-41582,ASN-4304,South Africa,PMO - US,Direct Drop,DDP,Air,Pre-PQ Process,3/27/09,25-Jun-09,8-Apr-09,8-Apr-09,ARV,Adult,S. BUYS WHOLESALER,"Zidovudine 300mg, tablets, 60 Tabs",Zidovudine,Generic,300mg,Tablet,60,1000,19760.0,19.76,0.33,"Aurobindo Unit III, India",No,Weight Captured Separately,Freight Included in Commodity Cost,38.73
76766,A01-ZM-T50,FPQ-16227,SCMS-291890,ASN-33362,Zambia,PMO - US,Direct Drop,EXW,Air,4/23/15,6/16/15,6-Aug-15,6-Aug-15,12-Aug-15,HRDT,HIV test,"Orgenics, Ltd","HIV 1/2, Determine Complete HIV Kit, 100 Tests","HIV 1/2, Determine Complete HIV Kit",Determine,,Test kit,100,530,42400.0,80.0,0.8,"Alere Medical Co., Ltd.",Yes,Weight Captured Separately,Invoiced Separately,49.9
12846,100-PK-T01,Pre-PQ Process,SO-22440,DN-1147,Pakistan,PMO - US,From RDC,N/A - From RDC,Air,Pre-PQ Process,N/A - From RDC,1-Apr-09,1-Apr-09,1-Apr-09,HRDT,HIV test,SCMS from RDC,"HIV 1/2, Bioline 3.0 Kit, Lancets, Capillary pipets, Alcohol swabs included, 25 Tests","HIV 1/2, Bioline 3.0 Kit, Lancets, Capillary pipets, Alcohol swabs included",Bioline,,Test kit,25,12,240.0,20.0,0.8,"Standard Diagnostics, Korea",No,See DN-1147 (ID#:11610),See DN-1147 (ID#:11610),0.47
83915,A01-SN-T50,FPQ-15899,SO-51380,DN-4293,Senegal,PMO - US,From RDC,N/A - From RDC,Air,2/19/15,N/A - From RDC,22-Jun-15,25-Jun-15,25-Jun-15,ARV,Adult,SCMS from RDC,"Lopinavir/Ritonavir 200/50mg [Aluvia], tablets, 120 Tabs",Lopinavir/Ritonavir,Aluvia,200/50mg,Tablet,120,100,1864.0,18.64,0.16,ABBVIE Ludwigshafen Germany,Yes,21,632.63,2.19
85313,151-NG-T30,FPQ-9968,SO-42681,DN-2900,Nigeria,PMO - US,From RDC,N/A - From RDC,Air,5/23/12,N/A - From RDC,6-Nov-12,6-Nov-12,6-Nov-12,ARV,Adult,SCMS from RDC,"Lamivudine/Zidovudine 150/300mg, tablets, 60 Tabs",Lamivudine/Zidovudine,Generic,150/300mg,Tablet - FDC,60,11597,89528.84,7.72,0.13,Mylan (formerly Matrix) Nashik,No,See DN-2900 (ID#:84199),See DN-2900 (ID#:84199),125.52
78050,104-CI-T30,FPQ-4509,SCMS-56640,ASN-6775,Côte d'Ivoire,PMO - US,Direct Drop,CIP,Air,10/29/09,11/9/09,7-May-10,7-May-10,7-May-10,ARV,Pediatric,BRISTOL-MYERS SQUIBB,"Didanosine 50mg [Videx], chewable tablets, 60 Tabs",Didanosine,Videx,50mg,Chewable/dispersible tablet,60,1888,17936.0,9.5,0.16,"BMS Meymac, France",Yes,368,824.37,38.67
84477,107-RW-T30,FPQ-15622,SO-50700,DN-4299,Rwanda,PMO - US,From RDC,N/A - From RDC,Truck,12/22/14,N/A - From RDC,30-Jun-15,17-Jun-15,29-Jun-15,ARV,Adult,SCMS from RDC,"Lamivudine/Zidovudine 150/300mg, tablets, 60 Tabs",Lamivudine/Zidovudine,Generic,150/300mg,Tablet - FDC,60,34858,227274.16,6.52,0.11,Hetero Unit III Hyderabad IN,Yes,3094,Freight Included in Commodity Cost,267.5
82435,101-CD-T30,FPQ-8840,SO-41135,DN-2497,"Congo, DRC",PMO - US,From RDC,N/A - From RDC,Air,11/21/11,N/A - From RDC,16-Mar-12,14-Feb-12,14-Feb-12,ARV,Adult,SCMS from RDC,"Lamivudine/Nevirapine/Zidovudine 150/200/300mg, tablets, 60 Tabs",Lamivudine/Nevirapine/Zidovudine,Generic,150/300/200mg,Tablet - FDC,60,28,308.0,11.0,0.18,Mylan (formerly Matrix) Nashik,Yes,13,912.36,0.43
76136,110-ZM-T30,FPQ-14827,SCMS-256510,ASN-29093,Zambia,PMO - US,Direct Drop,EXW,Air,8/19/14,9/19/14,11-Mar-15,11-Mar-15,31-Mar-15,HRDT,HIV test,"Orgenics, Ltd","HIV 1/2, Determine Complete HIV Kit, 100 Tests","HIV 1/2, Determine Complete HIV Kit",Determine,,Test kit,100,6322,505760.0,80.0,0.8,"Alere Medical Co., Ltd.",Yes,2564,37444.1,519.92
83919,151-NG-T30,FPQ-16313,SO-51440,DN-4282,Nigeria,PMO - US,From RDC,N/A - From RDC,Air,5/4/15,N/A - From RDC,30-Jun-15,22-Jun-15,29-Jun-15,ARV,Adult,SCMS from RDC,"Lamivudine/Tenofovir Disoproxil Fumarate 300/300mg, tablets, 30 Tabs",Lamivudine/Tenofovir Disoproxil Fumarate,Generic,300/300mg,Tablet - FDC,30,55851,256356.09,4.59,0.15,Hetero Unit III Hyderabad IN,Yes,6183,47281.56,301.73
15909,116-ZA-T30,FPQ-3560,SCMS-49631,ASN-5444,South Africa,PMO - US,Direct Drop,DDP,Truck,5/7/09,7/21/09,14-Sep-09,9-Oct-09,9-Oct-09,ARV,Adult,S. BUYS WHOLESALER,"Efavirenz 600mg, tablets, 30 Tabs",Efavirenz,Generic,600mg,Tablet,30,9612,183096.09,19.05,0.64,"Cipla, Goa, India",Yes,Weight Captured Separately,Freight Included in Commodity Cost,358.87
52710,116-ZA-T30,FPQ-13973,SCMS-238571,ASN-26885,South Africa,PMO - US,Direct Drop,DDP,Truck,4/30/14,6/26/14,25-Jun-14,25-Jun-14,25-Jun-14,ARV,Pediatric,PHARMACY DIRECT,"Lopinavir/Ritonavir 80/20mg/ml [Kaletra], oral solution, cool, Bottle 5 x 60 ml",Lopinavir/Ritonavir,Kaletra,80/20mg/ml,Oral solution,300,2,44.13,22.06,0.07,ABBVIE (Abbott) Logis. UK,Yes,Weight Captured Separately,Freight Included in Commodity Cost,0.05
15894,108-VN-T30,FPQ-4266,SCMS-56540,ASN-7741,Vietnam,PMO - US,Direct Drop,EXW,Air,10/20/09,11/11/09,23-Aug-10,23-Aug-10,23-Aug-10,ARV,Adult,Aurobindo Pharma Limited,"Lamivudine/Nevirapine/Zidovudine 150/200/300mg, tablets, 60 Tabs",Lamivudine/Nevirapine/Zidovudine,Generic,150/300/200mg,Tablet - FDC,60,20500,228575.0,11.15,0.19,"Aurobindo Unit III, India",Yes,2904,14223.39,448.01
12762,100-ZW-T01,Pre-PQ Process,SO-710,DN-488,Zimbabwe,PMO - US,From RDC,N/A - From RDC,Air,Pre-PQ Process,N/A - From RDC,14-Jan-08,14-Jan-08,14-Jan-08,ARV,Adult,SCMS from RDC,"Lamivudine/Stavudine 150/30mg, tablets, 30 Tabs",Lamivudine/Stavudine,Generic,150/30mg,Tablet - FDC,30,1600,3200.0,2.0,0.07,"Cipla, Goa, India",No,See DN-488 (ID#:10652),See DN-488 (ID#:10652),5.12
82347,104-CI-T30,FPQ-5925,SO-37141,DN-1983,Côte d'Ivoire,PMO - US,From RDC,N/A - From RDC,Air,6/23/10,N/A - From RDC,31-Aug-10,23-Aug-10,23-Aug-10,ARV,Adult,SCMS from RDC,"Stavudine 30mg, capsules, 60 Caps",Stavudine,Generic,30mg,Capsule,60,5670,7994.7,1.41,0.02,"Strides, Bangalore, India.",Yes,317,12648.36,17.24
39393,127-KE-T30,FPQ-8155,SCMS-119190,ASN-12468,Kenya,PMO - US,Direct Drop,EXW,Air,8/5/11,8/28/11,4-Nov-11,4-Nov-11,4-Nov-11,HRDT,HIV test,"Orgenics, Ltd","HIV 1/2, Determine Complete HIV Kit, 100 Tests","HIV 1/2, Determine Complete HIV Kit",Determine,,Test kit,100,6105,543345.0,89.0,0.89,"Alere Medical Co., Ltd.",Yes,1051,11208.38,896.52
82471,114-UG-T30,FPQ-9321,SO-41510,DN-2643,Uganda,PMO - US,From RDC,N/A - From RDC,Truck,2/10/12,N/A - From RDC,3-Jul-12,18-May-12,18-May-12,ARV,Adult,SCMS from RDC,"Lamivudine/Tenofovir Disoproxil Fumarate 300/300mg, tablets, 30 Tabs",Lamivudine/Tenofovir Disoproxil Fumarate,Generic,300/300mg,Tablet - FDC,30,1500,8310.0,5.54,0.18,Mylan (formerly Matrix) Nashik,Yes,729,3758.4,11.65
86391,110-ZM-T30,FPQ-6482,SO-37800,DN-2238,Zambia,PMO - US,From RDC,N/A - From RDC,Truck,10/15/10,N/A - From RDC,30-Apr-11,20-Jun-11,20-Jun-11,ARV,Adult,SCMS from RDC,"Nevirapine 200mg, tablets, 60 Tabs",Nevirapine,Generic,200mg,Tablet,60,31043,77917.93,2.51,0.04,Hetero Unit III Hyderabad IN,Yes,1785,7962.25,167.99
86390,100-BJ-T30,FPQ-7658,SO-39790,DN-2237,Benin,PMO - US,From RDC,N/A - From RDC,Air,5/15/11,N/A - From RDC,13-Jun-11,9-Jun-11,9-Jun-11,ARV,Adult,SCMS from RDC,"Nevirapine 200mg, tablets, 60 Tabs",Nevirapine,Generic,200mg,Tablet,60,14081,35343.31,2.51,0.04,"Strides, Bangalore, India.",No,See DN-2237 (ID#:82954),See DN-2237 (ID#:82954),58.32
22812,108-VN-T30,FPQ-15823,SCMS-277320,ASN-33209,Vietnam,PMO - US,Direct Drop,FCA,Air,2/13/15,3/2/15,11-Aug-15,11-Aug-15,11-Aug-15,ARV,Adult,ABBVIE LOGISTICS (FORMERLY ABBOTT LOGISTICS BV),"Ritonavir 100mg [Norvir], film coated tablets, 30 Tabs",Ritonavir,Norvir,100mg,Tablet,30,400,9304.0,23.26,0.78,ABBVIE Ludwigshafen Germany,Yes,Weight Captured Separately,Invoiced Separately,10.95
54208,108-VN-T30,FPQ-9001,SCMS-131720,ASN-15177,Vietnam,PMO - US,Direct Drop,FCA,Air,12/15/11,1/13/12,20-Jun-12,20-Jun-12,20-Jun-12,ARV,Pediatric,LAWRENCE LABORATORIES (SUBSIDIARY OF BRISTOL MYERS SQUIBB),"Didanosine 25mg [Videx], chewable tablets, 60 Tabs",Didanosine,Videx,25mg,Chewable/dispersible tablet,60,300,2100.0,7.0,0.12,Bristol-Myers Squibb Anagni IT,Yes,81,541.75,2.94
11048,112-NG-T01,Pre-PQ Process,SO-21050,DN-1244,Nigeria,PMO - US,From RDC,N/A - From RDC,Air Charter,Pre-PQ Process,N/A - From RDC,16-Jun-09,16-Jun-09,16-Jun-09,ARV,Adult,SCMS from RDC,"Lamivudine/Nevirapine/Stavudine 150/200/30mg, tablets, 60 Tabs",Lamivudine/Nevirapine/Stavudine,Generic,150/200/30mg,Tablet - FDC,60,5512,39245.44,7.12,0.12,"Cipla, Goa, India",Yes,1165,7329.83,76.92
11497,110-ZM-T01,Pre-PQ Process,SO-1032,DN-485,Zambia,PMO - US,From RDC,N/A - From RDC,,Pre-PQ Process,N/A - From RDC,8-Jan-08,8-Jan-08,8-Jan-08,ARV,Adult,SCMS from RDC,"Efavirenz 600mg, tablets, 30 Tabs",Efavirenz,Generic,600mg,Tablet,30,44135,548156.7,12.42,0.41,Mylan (formerly Matrix) Nashik,Yes,3454,12492,877.05
71893,106-HT-T30,FPQ-14895,SCMS-260970,ASN-31106,Haiti,PMO - US,Direct Drop,EXW,Ocean,9/24/14,11/14/14,25-May-15,25-May-15,26-May-15,ARV,Adult,CIPLA LIMITED,"Efavirenz 600mg, tablets, 30 Tabs",Efavirenz,Generic,600mg,Tablet,30,21203,68697.72,3.24,0.11,"Cipla, Goa, India",Yes,2471,4532.44,70.62
10541,111-MZ-T01,Pre-PQ Process,SO-324,DN-17,Mozambique,PMO - US,From RDC,N/A - From RDC,Air,Pre-PQ Process,N/A - From RDC,9-Jan-07,9-Jan-07,9-Jan-07,ARV,Adult,SCMS from RDC,"Tenofovir Disoproxil Fumarate 300mg [Viread], tablets, 30 Tabs",Tenofovir Disoproxil Fumarate,Viread,300mg,Tablet,30,747,12699.0,17.0,0.57,Gilead(Nycomed) Oranienburg DE,Yes,84,1338.04,
2921,116-ZA-T01,Pre-PQ Process,SCMS-14050,ASN-1251,South Africa,PMO - US,Direct Drop,DDP,,Pre-PQ Process,11/12/07,29-Jan-08,29-Jan-08,29-Jan-08,ARV,Pediatric,"JSI R&T INSTITUTE, INC.","Lamivudine 10mg/ml [Epivir], oral solution, Bottle, 240 ml",Lamivudine,Epivir,10mg/ml,Oral solution,240,500,3630.0,7.26,0.03,GSK Mississauga (Canada),No,Weight Captured Separately,Freight Included in Commodity Cost,5.81
82984,113-ZW-T30,FPQ-7934,SO-40282,DN-2384,Zimbabwe,PMO - US,From RDC,N/A - From RDC,Truck,6/28/11,N/A - From RDC,25-Oct-11,21-Oct-11,21-Oct-11,ARV,Adult,SCMS from RDC,"Efavirenz 600mg, tablets, 30 Tabs",Efavirenz,Generic,600mg,Tablet,30,4200,17724.0,4.22,0.14,"Strides, Bangalore, India.",Yes,257,320.43,29.24
86740,101-CD-T30,FPQ-14576,SO-49290,DN-3975,"Congo, DRC",PMO - US,From RDC,N/A - From RDC,Air,7/14/14,N/A - From RDC,30-Jan-15,18-Feb-15,23-Feb-15,ARV,Adult,SCMS from RDC,"Lamivudine/Nevirapine/Zidovudine 150/200/300mg, tablets, 60 Tabs",Lamivudine/Nevirapine/Zidovudine,Generic,150/300/200mg,Tablet - FDC,60,3460,28060.6,8.11,0.14,Mylan (formerly Matrix) Nashik,No,See DN-3975 (ID#:82748),See DN-3975 (ID#:82748),28.85
65095,127-KE-T30,FPQ-7684,SCMS-109240,ASN-11321,Kenya,PMO - US,Direct Drop,EXW,Air,5/5/11,5/18/11,18-Aug-11,18-Aug-11,18-Aug-11,HRDT,HIV test,"Trinity Biotech, Plc","HIV 1/2, Uni-Gold HIV Kit, 20 Tests","HIV 1/2, Uni-Gold HIV Kit",Uni-Gold,,Test kit,20,385,12320.0,32.0,1.6,"Trinity Biotech, Plc",Yes,129,2039.73,20.33
83148,102-BI-T30,FPQ-12065,SO-45170,DN-3257,Burundi,PMO - US,From RDC,N/A - From RDC,Air,4/22/13,N/A - From RDC,24-Aug-13,26-Aug-13,26-Aug-13,ARV,Adult,SCMS from RDC,"Lopinavir/Ritonavir 200/50mg, tablets, 120 Tabs",Lopinavir/Ritonavir,Generic,200/50mg,Tablet,120,213,4639.14,21.78,0.18,"Aurobindo Unit III, India",Yes,928,4323.44,5.74
82519,900-CM-T30,FPQ-10641,SO-43390,DN-2886,Cameroon,PMO - US,From RDC,N/A - From RDC,Air Charter,9/19/12,N/A - From RDC,24-Oct-12,17-Oct-12,17-Oct-12,ARV,Adult,SCMS from RDC,"Lamivudine/Nevirapine/Zidovudine 150/200/300mg, tablets, 60 Tabs",Lamivudine/Nevirapine/Zidovudine,Generic,150/300/200mg,Tablet - FDC,60,152000,1462240.0,9.62,0.16,Mylan (formerly Matrix) Nashik,Yes,43571,67732.54,2050.06
78387,114-UG-T30,FPQ-5837,SCMS-80710,ASN-7974,Uganda,PMO - US,Direct Drop,DDU,Air,6/25/10,8/11/10,1-Sep-10,1-Sep-10,1-Sep-10,ARV,Adult,ASPEN PHARMACARE,"Etravirine 100mg [Intelence], tablets, 120 Tabs",Etravirine,Intelence,100mg,Tablet,120,50,4199.01,83.98,0.7,"Janssen-Cilag, Latina, IT",Yes,10,435,9.05
61696,108-VN-T30,FPQ-5317,SCMS-69530,ASN-7487,Vietnam,PMO - US,Direct Drop,EXW,Air,3/22/10,3/29/10,3-Aug-10,3-Aug-10,3-Aug-10,ARV,Adult,STRIDES ARCOLAB LIMITED,"Nevirapine 200mg, tablets, 60 Tabs",Nevirapine,Generic,200mg,Tablet,60,10935,28431.0,2.6,0.04,"Strides, Bangalore, India.",No,See ASN-7487 (ID#:48120),See ASN-7487 (ID#:48120),61.3
86063,114-UG-T30,FPQ-13108,SO-46870,DN-3589,Uganda,PMO - US,From RDC,N/A - From RDC,Truck,10/16/13,N/A - From RDC,20-Apr-14,18-Apr-14,28-Apr-14,ARV,Adult,SCMS from RDC,"Lamivudine/Nevirapine/Zidovudine 150/200/300mg, tablets, 60 Tabs",Lamivudine/Nevirapine/Zidovudine,Generic,150/300/200mg,Tablet - FDC,60,50000,413000.0,8.26,0.14,"Aurobindo Unit III, India",No,See DN-3589 (ID#:82657),See DN-3589 (ID#:82657),424.56
13748,104-CI-T30,FPQ-3885,SCMS-48620,ASN-4720,Côte d'Ivoire,PMO - US,Direct Drop,EXW,Air,6/19/09,7/7/09,11-Sep-09,11-Sep-09,11-Sep-09,HRDT,HIV test,"CHEMBIO DIAGNOSTIC SYSTEMS, INC.","HIV 1/2, Stat-Pak HIV, Kit, 20 Tests","HIV 1/2, Stat-Pak HIV, Kit",Stat-Pak,,Test kit,20,350,9450.0,27.0,1.35,Chembio Diagnostics Sys. Inc.,Yes,205,1437.4,18.52
86078,107-RW-T30,FPQ-12766,SO-46500,DN-3658,Rwanda,PMO - US,From RDC,N/A - From RDC,Truck,8/2/13,N/A - From RDC,5-May-14,6-Jun-14,20-Jun-14,ARV,Adult,SCMS from RDC,"Lamivudine/Tenofovir Disoproxil Fumarate 300/300mg, tablets, 30 Tabs",Lamivudine/Tenofovir Disoproxil Fumarate,Generic,300/300mg,Tablet - FDC,30,97619,452952.16,4.64,0.15,"Cipla, Kurkumbh, India",Yes,9905,5445.73,560.3
83687,151-NG-T30,FPQ-11022,SO-43852,DN-3173,Nigeria,PMO - US,From RDC,N/A - From RDC,Air Charter,11/15/12,N/A - From RDC,4-Jun-13,10-May-13,10-May-13,ARV,Adult,SCMS from RDC,"Efavirenz 600mg, tablets, 30 Tabs",Efavirenz,Generic,600mg,Tablet,30,36390,121178.7,3.33,0.11,"Aurobindo Unit III, India",Yes,17455,20666.07,149.9
84717,113-ZW-T30,FPQ-8464,SO-40860,DN-2621,Zimbabwe,PMO - US,From RDC,N/A - From RDC,Truck,10/4/11,N/A - From RDC,17-Apr-12,7-May-12,7-May-12,ARV,Adult,SCMS from RDC,"Lamivudine/Zidovudine 150/300mg, tablets, 60 Tabs",Lamivudine/Zidovudine,Generic,150/300mg,Tablet - FDC,60,3345,27629.7,8.26,0.14,"Cipla, Goa, India",No,See DN-2621 (ID#:83583),See DN-2621 (ID#:83583),45.59
13016,102-BI-T30,FPQ-9231,SCMS-141760,ASN-14830,Burundi,PMO - US,Direct Drop,EXW,Air,2/17/12,4/9/12,1-Jun-12,1-Jun-12,1-Jun-12,HRDT,HIV test,"CHEMBIO DIAGNOSTIC SYSTEMS, INC.","HIV 1/2, Stat-Pak Dipstick Assay Kit, 30 Tests","HIV 1/2, Stat-Pak Dipstick Assay Kit",Stat-Pak,,Test kit,30,305,7777.5,25.5,0.85,Chembio Diagnostics Sys. Inc.,Yes,34,836.8,10.9
76459,161-ZA-T30,FPQ-6262,SCMS-83770,ASN-10253,South Africa,PMO - US,Direct Drop,DDP,Ocean,8/31/10,9/24/10,26-Apr-11,26-May-11,26-May-11,ARV,Adult,Aurobindo Pharma Limited,"Efavirenz 600mg, tablets, 30 Tabs",Efavirenz,Generic,600mg,Tablet,30,96721,438146.13,4.53,0.15,"Aurobindo Unit III, India",Yes,Weight Captured Separately,Freight Included in Commodity Cost,944.64
12869,113-ZW-T01,Pre-PQ Process,SO-13980,DN-972,Zimbabwe,PMO - US,From RDC,N/A - From RDC,Truck,Pre-PQ Process,N/A - From RDC,31-Oct-08,31-Oct-08,31-Oct-08,ARV,Adult,SCMS from RDC,"Lamivudine/Stavudine 150/30mg, tablets, 30 Tabs",Lamivudine/Stavudine,Generic,150/30mg,Tablet - FDC,30,8000,16000.0,2.0,0.07,"Cipla, Goa, India",Yes,483,2947.59,31.36
11663,111-MZ-T01,Pre-PQ Process,SO-26423,DN-1332,Mozambique,PMO - US,From RDC,N/A - From RDC,Truck,Date Not Captured,N/A - From RDC,27-Aug-09,27-Aug-09,27-Aug-09,ARV,Adult,SCMS from RDC,"Lamivudine/Zidovudine 150/300mg, tablets, 60 Tabs",Lamivudine/Zidovudine,Generic,150/300mg,Tablet - FDC,60,2484,21759.84,8.76,0.15,"Aurobindo Unit III, India",Yes,2078,2400.25,42.65
84908,106-HT-T30,FPQ-13608,SO-47690,DN-3586,Haiti,PMO - US,From RDC,N/A - From RDC,Air,1/22/14,N/A - From RDC,30-Mar-14,24-Mar-14,6-May-14,ARV,Adult,SCMS from RDC,"Efavirenz 600mg, tablets, 30 Tabs",Efavirenz,Generic,600mg,Tablet,30,25000,83250.0,3.33,0.11,"Hetero, Jadcherla, unit 5, IN",No,See DN-3586 (ID#:83224),See DN-3586 (ID#:83224),85.58
83138,111-MZ-T30,FPQ-11884,SO-44851,DN-3146,Mozambique,PMO - US,From RDC,N/A - From RDC,Truck,3/19/13,N/A - From RDC,30-Aug-13,31-Jul-13,31-Jul-13,ARV,Adult,SCMS from RDC,"Abacavir/Lamivudine 600/300mg, scored tablets, 30 Tabs",Abacavir/Lamivudine,Generic,600/300mg,Tablet - FDC,30,3400,47464.0,13.96,0.47,Mylan (formerly Matrix) Nashik,Yes,315,1981.6,58.71
1222,116-ZA-T01,Pre-PQ Process,SCMS-47051,ASN-4838,South Africa,PMO - US,Direct Drop,DDP,Truck,Pre-PQ Process,6/5/09,12-Oct-09,5-Aug-09,5-Aug-09,ARV,Adult,S. BUYS WHOLESALER,"Lamivudine 150mg, tablets, 60 Tabs",Lamivudine,Generic,150mg,Tablet,60,5000,41300.0,8.26,0.14,"Aurobindo Unit III, India",Yes,Weight Captured Separately,Freight Included in Commodity Cost,80.95
12368,117-ET-T01,Pre-PQ Process,SO-582,DN-157,Ethiopia,PMO - US,From RDC,N/A - From RDC,,Pre-PQ Process,N/A - From RDC,24-May-07,24-May-07,24-May-07,HRDT,HIV test,SCMS from RDC,"HIV 1/2, Uni-Gold HIV Kit, 20 Tests","HIV 1/2, Uni-Gold HIV Kit",Uni-Gold,,Test kit,20,200,6400.0,32.0,1.6,"Trinity Biotech, Plc",No,See DN-157 (ID#:11403),See DN-157 (ID#:11403),
34336,116-ZA-T30,FPQ-13973,SCMS-238550,ASN-30792,South Africa,PMO - US,Direct Drop,DDP,Truck,4/30/14,5/8/14,19-Feb-15,19-Feb-15,19-Feb-15,ARV,Adult,PHARMACY DIRECT,"Tenofovir Disoproxil Fumarate 300mg, tablets, 30 Tabs",Tenofovir Disoproxil Fumarate,Generic,300mg,Tablet,30,3,57.36,19.12,0.64,Mylan (formerly Matrix) Nashik,No,Weight Captured Separately,Freight Included in Commodity Cost,0.06
83277,107-RW-T30,FPQ-14111,SO-48780,DN-3931,Rwanda,PMO - US,From RDC,N/A - From RDC,Air,4/22/14,N/A - From RDC,31-Oct-14,24-Sep-14,25-Sep-14,ARV,Pediatric,SCMS from RDC,"Lamivudine/Nevirapine/Zidovudine 30/50/60mg, dispersible tablets, 60 Tabs",Lamivudine/Nevirapine/Zidovudine,Generic,30/50/60mg,Chewable/dispersible tablet - FDC,60,2196,8235.0,3.75,0.06,"Strides, Bangalore, India.",Yes,98,993.2,8.47
84127,111-MZ-T30,FPQ-7053,SO-38638,DN-2458,Mozambique,PMO - US,From RDC,N/A - From RDC,Truck,1/24/11,N/A - From RDC,31-Jan-12,25-Jan-12,25-Jan-12,ARV,Pediatric,SCMS from RDC,"Nevirapine 10mg/ml, oral suspension w/syringe, Bottle, 240 ml",Nevirapine,Generic,10mg/ml,Oral suspension,240,8000,15600.0,1.95,0.01,"Aurobindo Unit III, India",Yes,2987,2779.53,25.74
50380,116-ZA-T30,FPQ-13035,SCMS-215370,ASN-24415,South Africa,PMO - US,Direct Drop,DDP,Truck,10/8/13,12/2/13,6-Feb-14,6-Feb-14,6-Feb-14,ARV,Adult,S. BUYS WHOLESALER,"Didanosine 400mg, delayed-release capsules, 30 Caps",Didanosine,Generic,400mg,Delayed-release capsules,30,58,1068.21,18.42,0.61,"Aurobindo Unit III, India",No,Weight Captured Separately,Freight Included in Commodity Cost,1.32
7176,107-RW-T01,Pre-PQ Process,SCMS-25080,ASN-2396,Rwanda,PMO - US,Direct Drop,EXW,Air,Pre-PQ Process,6/12/08,18-Oct-08,18-Oct-08,18-Oct-08,HRDT,HIV test,"Trinity Biotech, Plc","HIV 1/2, Uni-Gold HIV Kit, 20 Tests","HIV 1/2, Uni-Gold HIV Kit",Uni-Gold,,Test kit,20,3400,108800.0,32.0,1.6,"Trinity Biotech, Plc",Yes,1131,22370.64,174.08
84940,109-TZ-T30,FPQ-13042,SO-46721,DN-3758,Tanzania,PMO - US,From RDC,N/A - From RDC,Truck,10/1/13,N/A - From RDC,30-Jun-14,24-Jun-14,1-Jul-14,ARV,Adult,SCMS from RDC,"Lopinavir/Ritonavir 200/50mg [Aluvia], tablets, 120 Tabs",Lopinavir/Ritonavir,Aluvia,200/50mg,Tablet,120,14758,278926.2,18.9,0.16,ABBVIE Ludwigshafen Germany,Yes,3030,2994.62,345.03
86083,113-ZW-T30,FPQ-12950,SO-46650,DN-3702,Zimbabwe,PMO - US,From RDC,N/A - From RDC,Truck,9/10/13,N/A - From RDC,30-May-14,30-May-14,23-Jun-14,ARV,Adult,SCMS from RDC,"Efavirenz/Lamivudine/Tenofovir Disoproxil Fumarate 600/300/300mg, tablets, 30 Tabs",Efavirenz/Lamivudine/Tenofovir Disoproxil Fumarate,Generic,600/300/300mg,Tablet - FDC,30,66407,715867.46,10.78,0.36,Hetero Unit III Hyderabad IN,No,See DN-3702 (ID#:84928),See DN-3702 (ID#:84928),885.53
11960,104-CI-T01,Pre-PQ Process,SO-970,DN-1163,Côte d'Ivoire,PMO - US,From RDC,N/A - From RDC,Air,Pre-PQ Process,N/A - From RDC,23-Mar-09,23-Mar-09,23-Mar-09,ARV,Pediatric,SCMS from RDC,"Lopinavir/Ritonavir 80/20mg/ml [Kaletra], oral solution, cool, Bottle 5 x 60 ml",Lopinavir/Ritonavir,Kaletra,80/20mg/ml,Oral solution,300,1500,61650.0,41.1,0.14,ABBVIE (Abbott) Logis. UK,No,See DN-1163 (ID#:11030),See DN-1163 (ID#:11030),120.83
41032,116-ZA-T30,FPQ-13973,SCMS-238554,ASN-28627,South Africa,PMO - US,Direct Drop,DDP,Truck,4/30/14,10/3/14,3-Oct-14,3-Oct-14,3-Oct-14,ARV,Adult,PHARMACY DIRECT,"Efavirenz 600mg, tablets, 30 Tabs",Efavirenz,Generic,600mg,Tablet,30,51,795.4,15.6,0.52,"Aurobindo Unit III, India",No,Weight Captured Separately,Freight Included in Commodity Cost,0.82
83990,151-NG-T30,FPQ-4537,SO-35080,DN-1728,Nigeria,PMO - US,From RDC,N/A - From RDC,Air Charter,11/6/09,N/A - From RDC,19-Apr-10,18-May-10,18-May-10,ARV,Adult,SCMS from RDC,"Lamivudine/Tenofovir Disoproxil Fumarate 300/300mg, tablets, 30 Tabs",Lamivudine/Tenofovir Disoproxil Fumarate,Generic,300/300mg,Tablet - FDC,30,40148,401480.0,10.0,0.33,Mylan (formerly Matrix) Nashik,Yes,3312,9736.1,865.59
82305,151-NG-T30,FPQ-4537,SO-35054,DN-1716,Nigeria,PMO - US,From RDC,N/A - From RDC,Air Charter,11/6/09,N/A - From RDC,19-Apr-10,31-Mar-10,31-Mar-10,ARV,Adult,SCMS from RDC,"Lamivudine/Zidovudine 150/300mg, tablets, 60 Tabs",Lamivudine/Zidovudine,Generic,150/300mg,Tablet - FDC,60,155,1357.8,8.76,0.15,"Aurobindo Unit III, India",Yes,14,Freight Included in Commodity Cost,2.93
83568,104-CI-T30,FPQ-8295,SO-40760,DN-2533,Côte d'Ivoire,PMO - US,From RDC,N/A - From RDC,Truck,8/25/11,N/A - From RDC,1-Mar-12,1-Mar-12,1-Mar-12,ARV,Pediatric,SCMS from RDC,"Nevirapine 10mg/ml, oral suspension w/syringe, Bottle, 240 ml",Nevirapine,Generic,10mg/ml,Oral suspension,240,4448,8673.6,1.95,0.01,"Aurobindo Unit III, India",Yes,1663,1102.3,14.31
42465,161-ZA-T30,FPQ-5303,SCMS-69050,ASN-8740,South Africa,PMO - US,Direct Drop,DDP,Air,3/18/10,3/19/10,15-Dec-10,8-Dec-10,8-Dec-10,ARV,Adult,Aurobindo Pharma Limited,"Zidovudine 300mg, tablets, 60 Tabs",Zidovudine,Generic,300mg,Tablet,60,8989,66788.27,7.43,0.12,"Aurobindo Unit III, India",Yes,454,3315.24,144.0
85564,111-MZ-T30,FPQ-15195,SO-50131,DN-4152,Mozambique,PMO - US,From RDC,N/A - From RDC,Truck,10/17/14,N/A - From RDC,31-Mar-15,10-Apr-15,20-Apr-15,ARV,Adult,SCMS from RDC,"Nevirapine 200mg, tablets, 60 Tabs",Nevirapine,Generic,200mg,Tablet,60,1400,3052.0,2.18,0.04,"Strides, Bangalore, India.",Yes,4355,3644.18,3.59
84222,106-HT-T30,FPQ-11281,SO-44410,DN-3014,Haiti,PMO - US,From RDC,N/A - From RDC,Air,1/16/13,N/A - From RDC,9-Apr-13,3-Jan-13,3-Jan-13,ARV,Adult,SCMS from RDC,"Lamivudine/Nevirapine/Stavudine 150/200/30mg, tablets, 60 Tabs",Lamivudine/Nevirapine/Stavudine,Generic,150/200/30mg,Tablet - FDC,60,270,1269.0,4.7,0.08,"Strides, Bangalore, India.",No,See DN-3014 (ID#:83655),See DN-3014 (ID#:83655),1.57
12375,110-ZM-T01,Pre-PQ Process,SO-621,DN-224,Zambia,PMO - US,From RDC,N/A - From RDC,,Pre-PQ Process,N/A - From RDC,9-Jul-07,9-Jul-07,9-Jul-07,ARV,Pediatric,SCMS from RDC,"Abacavir 20mg/ml, oral solution, Bottle, 240 ml",Abacavir,Generic,20mg/ml,Oral solution,240,350,7525.0,21.5,0.09,"Aurobindo Unit III, India",Yes,124,874.57,12.04
84129,110-ZM-T30,FPQ-7767,SO-40260,DN-2486,Zambia,PMO - US,From RDC,N/A - From RDC,Truck,7/26/11,N/A - From RDC,29-Feb-12,20-Jan-12,20-Jan-12,ARV,Adult,SCMS from RDC,"Nevirapine 200mg, tablets, 60 Tabs",Nevirapine,Generic,200mg,Tablet,60,200000,502000.0,2.51,0.04,"Aurobindo Unit VII, IN",Yes,19257,6476.69,828.3
8209,100-KZ-T01,Pre-PQ Process,SCMS-14780,ASN-1139,Kazakhstan,PMO - US,Direct Drop,DDP,Air,Pre-PQ Process,11/30/07,23-Jan-08,23-Jan-08,23-Jan-08,HRDT,HIV test,Orasure Technologies Inc.,"HIV 1/2, OraQuick Advance HIV Rapid Antibody Kit, 100 Tests","HIV 1/2, OraQuick Advance HIV Rapid Antibody Kit",OraQuick,,Test kit,100,50,17500.0,350.0,3.5,"Pacific Biotech, Thailand",Yes,Weight Captured Separately,Freight Included in Commodity Cost,28.0
10662,109-TZ-T01,Pre-PQ Process,SO-1647,DN-556,Tanzania,PMO - US,From RDC,N/A - From RDC,Air,Pre-PQ Process,N/A - From RDC,6-Feb-08,6-Feb-08,6-Feb-08,ARV,Adult,SCMS from RDC,"Lamivudine/Zidovudine 150/300mg, tablets, 60 Tabs",Lamivudine/Zidovudine,Generic,150/300mg,Tablet - FDC,60,9476,90022.0,9.5,0.16,"Aurobindo Unit III, India",Yes,1008,4207.4,144.04
86719,111-MZ-T30,FPQ-13394,SO-47462,DN-3866,Mozambique,PMO - US,From RDC,N/A - From RDC,Truck,12/9/13,N/A - From RDC,29-Aug-14,27-Oct-14,7-Nov-14,ARV,Adult,SCMS from RDC,"Lamivudine/Nevirapine/Zidovudine 150/200/300mg, tablets, 60 Tabs",Lamivudine/Nevirapine/Zidovudine,Generic,150/300/200mg,Tablet - FDC,60,103410,838655.1,8.11,0.14,"Aurobindo Unit III, India",No,See DN-3866 (ID#:85519),See DN-3866 (ID#:85519),862.14
11293,109-TZ-T01,Pre-PQ Process,SO-18710,DN-1073,Tanzania,PMO - US,From RDC,N/A - From RDC,Truck,Pre-PQ Process,N/A - From RDC,6-Mar-09,6-Mar-09,6-Mar-09,ARV,Pediatric,SCMS from RDC,"Abacavir 20mg/ml, oral solution, Bottle, 240 ml",Abacavir,Generic,20mg/ml,Oral solution,240,4439,71689.85,16.15,0.07,"Aurobindo Unit III, India",Yes,1592,6708.25,140.51
81252,102-KE-T30,FPQ-9126,SCMS-134000,ASN-13847,Kenya,PMO - US,Direct Drop,DAP,Air,1/10/12,1/18/12,6-Feb-12,6-Feb-12,6-Feb-12,HRDT,HIV test,MEDMIRA EAST AFRICA LTD.,"HIV, Reveal G3 Rapid HIV-1 Antibody Test, 30 Tests","HIV, Reveal G3 Rapid HIV-1 Antibody Test",Reveal,,Test kit,30,50,2550.0,51.0,1.7,MedMira Inc.,Yes,Weight Captured Separately,Freight Included in Commodity Cost,3.58
42579,106-HT-T30,FPQ-11285,SCMS-176130,ASN-18522,Haiti,PMO - US,Direct Drop,FCA,Air,1/16/13,2/5/13,20-Mar-13,20-Mar-13,20-Mar-13,ARV,Pediatric,ABBVIE LOGISTICS (FORMERLY ABBOTT LOGISTICS BV),"Lopinavir/Ritonavir 100/25mg [Aluvia], tablets, 60 Tabs",Lopinavir/Ritonavir,Generic,100/25mg,Tablet,60,936,5559.84,5.94,0.1,ABBVIE Ludwigshafen Germany,Yes,128,1637.86,6.88
11090,111-MZ-T01,Pre-PQ Process,SO-324,DN-17,Mozambique,PMO - US,From RDC,N/A - From RDC,Air,Pre-PQ Process,N/A - From RDC,9-Jan-07,9-Jan-07,9-Jan-07,ARV,Adult,SCMS from RDC,"Lamivudine/Zidovudine 150/300mg, tablets, 60 Tabs",Lamivudine/Zidovudine,Generic,150/300mg,Tablet - FDC,60,6156,68577.84,11.14,0.19,"Aurobindo Unit III, India",No,See DN-17 (ID#:10541),See DN-17 (ID#:10541),
18694,109-TZ-T30,FPQ-3782,SCMS-47760,ASN-4974,Tanzania,PMO - US,Direct Drop,CIP,Air,6/11/09,6/29/09,21-Oct-09,21-Oct-09,21-Oct-09,ARV,Adult,BRISTOL-MYERS SQUIBB,"Didanosine EC 400mg [Videx EC], delayed-release capsules, Blister 3 x 10 Caps",Didanosine EC,Videx EC,400mg,Delayed-release capsules - blister,30,1000,23670.0,23.67,0.79,"BMS Meymac, France",Yes,335,888,46.39
22222,116-ZA-T30,FPQ-14942,SCMS-259071,ASN-29597,South Africa,PMO - US,Direct Drop,DDP,Truck,9/11/14,11/28/14,28-Nov-14,28-Nov-14,28-Nov-14,ARV,Adult,PHARMACY DIRECT,"Lamivudine/Zidovudine 150/300mg, tablets, 60 Tabs",Lamivudine/Zidovudine,Generic,150/300mg,Tablet - FDC,60,18,405.71,22.54,0.38,"Aurobindo Unit III, India",No,Weight Captured Separately,Freight Included in Commodity Cost,0.42
81757,111-MZ-T30,FPQ-8116,SCMS-118351,ASN-14785,Mozambique,PMO - US,Direct Drop,EXW,Air,8/4/11,4/5/12,20-Jun-12,20-Jun-12,20-Jun-12,HRDT,HIV test,"Trinity Biotech, Plc","HIV 1/2, Uni-Gold HIV Kit, 20 Tests","HIV 1/2, Uni-Gold HIV Kit",Uni-Gold,,Test kit,20,7500,240000.0,32.0,1.6,"Trinity Biotech, Plc",Yes,2440,37115.71,396.0
10366,116-ZA-T01,Pre-PQ Process,SCMS-41585,ASN-4386,South Africa,PMO - US,Direct Drop,DDP,Air,Pre-PQ Process,3/27/09,25-Jun-09,21-Apr-09,21-Apr-09,ARV,Adult,S. BUYS WHOLESALER,"Lamivudine 150mg, tablets, 60 Tabs",Lamivudine,Generic,150mg,Tablet,60,3344,23675.52,7.08,0.12,"Aurobindo Unit III, India",No,Weight Captured Separately,Freight Included in Commodity Cost,46.4
82894,106-HT-T30,FPQ-5523,SO-36800,DN-1871,Haiti,PMO - US,From RDC,N/A - From RDC,Air,4/19/10,N/A - From RDC,12-Jul-10,30-Jun-10,30-Jun-10,ARV,Pediatric,SCMS from RDC,"Zidovudine 10mg/ml, oral solution, Bottle, 240 ml",Zidovudine,Generic,10mg/ml,Oral solution,240,4448,8984.96,2.02,0.01,"Aurobindo Unit III, India",No,See DN-1871 (ID#:82328),See DN-1871 (ID#:82328),19.37
11295,114-UG-T01,Pre-PQ Process,SO-17753,DN-1084,Uganda,PMO - US,From RDC,N/A - From RDC,Air,Pre-PQ Process,N/A - From RDC,5-Mar-09,5-Mar-09,5-Mar-09,ARV,Adult,SCMS from RDC,"Emtricitabine/Tenofovir Disoproxil Fumarate 200/300mg [Truvada], tablets, 30 Tabs",Emtricitabine/Tenofovir Disoproxil Fumarate,Truvada,300/200mg,Tablet - FDC,30,382,10027.5,26.25,0.88,"Aspen-OSD, Port Elizabeth, SA",Yes,177,2151.27,19.65
86155,114-UG-T30,FPQ-15294,SO-50091,DN-4060,Uganda,PMO - US,From RDC,N/A - From RDC,Truck,11/3/14,N/A - From RDC,30-Jan-15,16-Jan-15,19-Jan-15,ARV,Adult,SCMS from RDC,"Efavirenz/Lamivudine/Tenofovir Disoproxil Fumarate 600/300/300mg, tablets, 30 Tabs",Efavirenz/Lamivudine/Tenofovir Disoproxil Fumarate,Generic,600/300/300mg,Tablet - FDC,30,85000,829600.0,9.76,0.33,Mylan (formerly Matrix) Nashik,Yes,Weight Captured Separately,Invoiced Separately,976.44
83663,114-UG-T30,FPQ-11143,SO-43960,DN-3042,Uganda,PMO - US,From RDC,N/A - From RDC,Air,12/13/12,N/A - From RDC,9-Mar-13,7-Mar-13,7-Mar-13,ARV,Adult,SCMS from RDC,"Efavirenz/Lamivudine/Tenofovir Disoproxil Fumarate 600/300/300mg, tablets, 30 Tabs",Efavirenz/Lamivudine/Tenofovir Disoproxil Fumarate,Generic,600/300/300mg,Tablet - FDC,30,5277,63904.47,12.11,0.4,Mylan (formerly Matrix) Nashik,Yes,1366,8507.01,79.05
82398,114-UG-T30,FPQ-8048,SO-40210,DN-2327,Uganda,PMO - US,From RDC,N/A - From RDC,Air,7/13/11,N/A - From RDC,3-Nov-11,21-Aug-11,21-Aug-11,ARV,Adult,SCMS from RDC,"Tenofovir Disoproxil Fumarate 300mg, tablets, 30 Tabs",Tenofovir Disoproxil Fumarate,Generic,300mg,Tablet,30,2447,15709.74,6.42,0.21,Mylan (formerly Matrix) Nashik,Yes,138,1812.94,25.92
22615,101-CD-T30,FPQ-13555,SCMS-234320,ASN-27483,"Congo, DRC",PMO - US,Direct Drop,EXW,Air,3/19/14,5/5/14,30-Sep-14,30-Sep-14,29-Oct-14,ARV,Adult,STRIDES ARCOLAB LIMITED,"Lamivudine/Nevirapine/Zidovudine 150/200/300mg, tablets, 60 Tabs",Lamivudine/Nevirapine/Zidovudine,Generic,150/300/200mg,Tablet - FDC,60,980,7947.8,8.11,0.14,"Strides, Bangalore, India.",Yes,116,2322.08,8.17
12400,110-ZM-T01,Pre-PQ Process,SO-908,DN-319,Zambia,PMO - US,From RDC,N/A - From RDC,Air,Pre-PQ Process,N/A - From RDC,29-Aug-07,29-Aug-07,29-Aug-07,ARV,Adult,SCMS from RDC,"Lamivudine 150mg, tablets, 60 Tabs",Lamivudine,Generic,150mg,Tablet,60,30000,91200.0,3.04,0.05,"Aurobindo Unit III, India",No,See DN-319 (ID#:11765),See DN-319 (ID#:11765),145.92
82802,110-ZM-T30,FPQ-14575,SO-49284,DN-4256,Zambia,PMO - US,From RDC,N/A - From RDC,Truck,7/11/14,N/A - From RDC,29-May-15,15-May-15,15-May-15,ARV,Adult,SCMS from RDC,"Nevirapine 200mg, tablets, 60 Tabs",Nevirapine,Generic,200mg,Tablet,60,3926,8558.68,2.18,0.04,"Cipla, Goa, India",Yes,477,535.52,8.8
85169,102-UG-T30,FPQ-6202,SO-37930,DN-2082,Uganda,PMO - US,From RDC,N/A - From RDC,Truck,8/6/10,N/A - From RDC,14-Jan-11,14-Jan-11,14-Jan-11,ARV,Adult,SCMS from RDC,"Lamivudine/Nevirapine/Zidovudine 150/200/300mg, tablets, 60 Tabs",Lamivudine/Nevirapine/Zidovudine,Generic,150/300/200mg,Tablet - FDC,60,9255,103841.1,11.22,0.19,"Aurobindo Unit III, India",Yes,1243,6120.6,223.88
11512,104-CI-T01,Pre-PQ Process,SO-971,DN-421,Côte d'Ivoire,PMO - US,From RDC,N/A - From RDC,Air,Pre-PQ Process,N/A - From RDC,17-Jan-08,17-Jan-08,17-Jan-08,ARV,Adult,SCMS from RDC,"Saquinavir 200mg [Invirase], capsules, 270 Caps",Saquinavir,Invirase,200mg,Capsule,270,332,26108.48,78.64,0.29,Roche Basel,No,See DN-421 (ID#:10919),See DN-421 (ID#:10919),41.77
11681,110-ZM-T01,Pre-PQ Process,SO-29030,DN-1407,Zambia,PMO - US,From RDC,N/A - From RDC,Truck,Date Not Captured,N/A - From RDC,19-Oct-09,19-Oct-09,19-Oct-09,ARV,Adult,SCMS from RDC,"Nevirapine 200mg, tablets, 60 Tabs",Nevirapine,Generic,200mg,Tablet,60,84282,252846.0,3.0,0.05,"Aurobindo Unit III, India",Yes,13680,16339.98,495.58
70531,106-HT-T30,FPQ-11443,SCMS-180960,ASN-20434,Haiti,PMO - US,Direct Drop,EXW,Air,2/7/13,3/22/13,14-Aug-13,14-Aug-13,14-Aug-13,ARV,Adult,MICRO LABS LIMITED,"Nevirapine 200mg, tablets, 60 Tabs",Nevirapine,Generic,200mg,Tablet,60,15825,34815.0,2.2,0.04,"Micro labs, Verna, Goa, India",No,See ASN-20434 (ID#:13874),See ASN-20434 (ID#:13874),43.07
79471,116-ZA-T30,FPQ-13035,SCMS-215370,ASN-24415,South Africa,PMO - US,Direct Drop,DDP,Truck,10/8/13,12/2/13,6-Feb-14,6-Feb-14,6-Feb-14,ARV,Adult,S. BUYS WHOLESALER,"Lopinavir/Ritonavir 200/50mg [Aluvia], tablets, 120 Tabs",Lopinavir/Ritonavir,Aluvia,200/50mg,Tablet,120,344,7955.07,23.13,0.19,ABBVIE Ludwigshafen Germany,No,Weight Captured Separately,Freight Included in Commodity Cost,9.84
5058,116-ZA-T01,Pre-PQ Process,SCMS-41465,ASN-4614,South Africa,PMO - US,Direct Drop,DDP,Air,Pre-PQ Process,3/18/09,25-Jun-09,25-Jun-09,25-Jun-09,ARV,Pediatric,S. BUYS WHOLESALER,"Lamivudine 10mg/ml, oral solution, Bottle, 240 ml",Lamivudine,Generic,10mg/ml,Oral solution,240,108,610.2,5.65,0.02,"Aurobindo Unit III, India",Yes,Weight Captured Separately,Freight Included in Commodity Cost,1.2
44,110-ZM-T01,Pre-PQ Process,SCMS-139,ASN-130,Zambia,PMO - US,Direct Drop,DDU,Air,Pre-PQ Process,Date Not Captured,8-Jan-07,8-Jan-07,8-Jan-07,ARV,Pediatric,MERCK SHARP & DOHME IDEA GMBH (FORMALLY MERCK SHARP & DOHME B.V.),"Efavirenz 200mg [Stocrin/Sustiva], capsule, 90 Caps",Efavirenz,Stocrin/Sustiva,200mg,Capsule,90,135,4374.0,32.4,0.36,MSD South Granville Australia,Yes,328,Freight Included in Commodity Cost,
10282,107-RW-T01,Pre-PQ Process,SCMS-38670,ASN-3678,Rwanda,PMO - US,Direct Drop,EXW,Air,Pre-PQ Process,2/18/09,6-Apr-09,6-Apr-09,6-Apr-09,HRDT,HIV test,"Trinity Biotech, Plc","HIV 1/2, Uni-Gold HIV Kit, 20 Tests","HIV 1/2, Uni-Gold HIV Kit",Uni-Gold,,Test kit,20,963,30816.0,32.0,1.6,"Trinity Biotech, Plc",Yes,320,3100.66,60.4
24604,106-HT-T30,FPQ-15038,SCMS-262900,ASN-31866,Haiti,PMO - US,Direct Drop,FCA,Air,10/22/14,12/24/14,5-Jun-15,5-Jun-15,8-Jun-15,ARV,Pediatric,ABBVIE LOGISTICS (FORMERLY ABBOTT LOGISTICS BV),"Lopinavir/Ritonavir 80/20mg/ml [Kaletra], oral solution, cool, Bottle 5 x 60 ml",Lopinavir/Ritonavir,Kaletra,80/20mg/ml,Oral solution,300,420,12944.4,30.82,0.1,ABBVIE (Abbott) Logis. UK,Yes,494,2737.95,13.31
3551,102-GY-T01,Pre-PQ Process,SCMS-35560,ASN-3481,Guyana,PMO - US,Direct Drop,EXW,Air,Pre-PQ Process,12/10/08,17-Mar-09,13-Mar-09,13-Mar-09,HRDT,HIV test,"Trinity Biotech, Plc","HIV 1/2, Uni-Gold HIV Kit, 20 Tests","HIV 1/2, Uni-Gold HIV Kit",Uni-Gold,,Test kit,20,1062,33984.0,32.0,1.6,"Trinity Biotech, Plc",Yes,355,4457.29,66.61
44180,901-CM-T30,FPQ-12837,SCMS-204300,ASN-21698,Cameroon,PMO - US,Direct Drop,EXW,Air,8/19/13,8/23/13,18-Oct-13,18-Oct-13,18-Oct-13,ARV,Adult,Aurobindo Pharma Limited,"Nevirapine 200mg, tablets, 60 Tabs",Nevirapine,Generic,200mg,Tablet,60,19429,43715.25,2.25,0.04,"Aurobindo Unit III, India",No,See ASN-21698 (ID#:33964),See ASN-21698 (ID#:33964),54.08
18762,116-ZA-T30,FPQ-11828,SCMS-183950,ASN-19166,South Africa,South Africa Field Office,Direct Drop,DDP,Truck,3/18/13,Date Not Captured,16-Apr-13,16-Apr-13,16-Apr-13,ARV,Adult,S. BUYS WHOLESALER,"Zidovudine 300mg, tablets, 60 Tabs",Zidovudine,Generic,300mg,Tablet,60,216,5512.38,25.52,0.43,"Aurobindo Unit III, India",No,Weight Captured Separately,Freight Included in Commodity Cost,6.82
10498,116-ZA-T01,Pre-PQ Process,SCMS-47050,ASN-4819,South Africa,PMO - US,Direct Drop,DDP,Truck,Pre-PQ Process,6/5/09,12-Oct-09,21-Jul-09,21-Jul-09,ARV,Adult,S. BUYS WHOLESALER,"Zidovudine 300mg [Retrovir], tablets, 60 Tabs",Zidovudine,Retrovir,300mg,Tablet,60,550,8624.0,15.68,0.26,GSK Ware (UK),No,Weight Captured Separately,Freight Included in Commodity Cost,16.9
55304,108-VN-T30,FPQ-16194,SCMS-285490,ASN-33143,Vietnam,PMO - US,Direct Drop,EXW,Air,4/14/15,5/13/15,7-Sep-15,7-Sep-15,7-Sep-15,ARV,Adult,HETERO LABS LIMITED,"Efavirenz/Lamivudine/Tenofovir Disoproxil Fumarate 600/300/300mg, tablets, 30 Tabs",Efavirenz/Lamivudine/Tenofovir Disoproxil Fumarate,Generic,600/300/300mg,Tablet - FDC,30,15284,145198.0,9.5,0.32,Hetero Unit III Hyderabad IN,No,See ASN-33143 (ID#:42190),See ASN-33143 (ID#:42190),170.9
59046,161-ZA-T30,FPQ-5648,SCMS-75830,ASN-9489,South Africa,PMO - US,Direct Drop,DDP,Ocean,6/2/10,6/17/10,29-Mar-11,29-Mar-11,29-Mar-11,ARV,Pediatric,Aurobindo Pharma Limited,"Lamivudine 10mg/ml, oral solution w/syringe, Bottle, 240 ml",Lamivudine,Generic,10mg/ml,Oral solution,240,45000,95400.0,2.12,0.01,"Aurobindo Unit III, India",Yes,16260,17060.14,205.68
57308,116-ZA-T30,FPQ-11828,SCMS-183950,ASN-19166,South Africa,South Africa Field Office,Direct Drop,DDP,Truck,3/18/13,Date Not Captured,16-Apr-13,16-Apr-13,16-Apr-13,ARV,Adult,S. BUYS WHOLESALER,"Didanosine 400mg, delayed-release capsules, 30 Caps",Didanosine,Generic,400mg,Delayed-release capsules,30,251,4996.06,19.9,0.66,"Aurobindo Unit III, India",No,Weight Captured Separately,Freight Included in Commodity Cost,6.18
30065,133-NG-T30,FPQ-6606,SCMS-91790,ASN-8940,Nigeria,PMO - US,Direct Drop,EXW,Air,10/29/10,11/9/10,17-Dec-10,17-Dec-10,17-Dec-10,HRDT,HIV test,"Trinity Biotech, Plc","HIV 1/2, Uni-Gold HIV Kit, 20 Tests","HIV 1/2, Uni-Gold HIV Kit",Uni-Gold,,Test kit,20,3750,120000.0,32.0,1.6,"Trinity Biotech, Plc",Yes,1072,16036.98,198.0
40351,122-HT-T30,FPQ-8635,SCMS-132180,ASN-13412,Haiti,PMO - US,Direct Drop,EXW,Air,12/7/11,12/30/11,18-Jan-12,18-Jan-12,18-Jan-12,ANTM,Malaria,AMSTELFARMA B.V.,"Sulfadoxine/Pyrimethamine 500/25mg, tablets, 1000 Tabs",Sulfadoxine/Pyrimethamine,Generic,500/25mg,Tablet - FDC,1000,10,316.5,31.65,0.03,"Micro Labs, Hosur, India",No,See ASN-13412 (ID#:16085),See ASN-13412 (ID#:16085),0.44
65314,116-ZA-T30,FPQ-12522,SCMS-199287,ASN-27749,South Africa,PMO - US,Direct Drop,DDP,Truck,7/11/13,8/13/14,13-Aug-14,13-Aug-14,13-Aug-14,ARV,Pediatric,S. BUYS WHOLESALER,"Lopinavir/Ritonavir 80/20mg/ml [Kaletra], oral solution, cool, Bottle 5 x 60 ml",Lopinavir/Ritonavir,Kaletra,80/20mg/ml,Oral solution,300,2,46.9,23.45,0.08,ABBVIE (Abbott) Logis. UK,Yes,Weight Captured Separately,Freight Included in Commodity Cost,0.06
84879,111-MZ-T30,FPQ-11884,SO-44840,DN-3485,Mozambique,PMO - US,From RDC,N/A - From RDC,Truck,3/19/13,N/A - From RDC,20-Mar-14,28-Mar-14,4-Apr-14,ARV,Adult,SCMS from RDC,"Efavirenz/Lamivudine/Tenofovir Disoproxil Fumarate 600/300/300mg, tablets, 30 Tabs",Efavirenz/Lamivudine/Tenofovir Disoproxil Fumarate,Generic,600/300/300mg,Tablet - FDC,30,70000,780500.0,11.15,0.37,"Aurobindo Unit VII, IN",Yes,18957,16813.62,965.48
86019,102-BI-T30,FPQ-12065,SO-45181,DN-3423,Burundi,PMO - US,From RDC,N/A - From RDC,Air,4/22/13,N/A - From RDC,31-Dec-13,17-Feb-14,24-Feb-14,ARV,Pediatric,SCMS from RDC,"Lamivudine 10mg/ml, oral solution w/syringe, Bottle, 240 ml",Lamivudine,Generic,10mg/ml,Oral solution,240,549,796.05,1.45,0.01,"Aurobindo Unit III, India",Yes,201,1530.81,0.98
11020,106-HT-T01,Pre-PQ Process,SO-2602,DN-1018,Haiti,PMO - US,From RDC,N/A - From RDC,Air,Pre-PQ Process,N/A - From RDC,10-Dec-08,10-Dec-08,10-Dec-08,ARV,Adult,SCMS from RDC,"Lamivudine 150mg, tablets, 60 Tabs",Lamivudine,Generic,150mg,Tablet,60,8100,23571.0,2.91,0.05,"Aurobindo Unit III, India",Yes,404,5866.29,46.2
28913,114-UG-T30,FPQ-13122,SCMS-212360,ASN-23076,Uganda,PMO - US,Direct Drop,EXW,Air,10/16/13,10/30/13,15-Jan-14,15-Jan-14,15-Jan-14,ARV,Adult,MYLAN LABORATORIES LTD (FORMERLY MATRIX LABORATORIES),"Atazanavir/Ritonavir 300/100mg, tablets, 30 Tabs",Atazanavir/Ritonavir,Generic,300/100mg,Tablet,30,6000,120000.0,20.0,0.67,Mylan (formerly Matrix) Nashik,Yes,811,4139.95,123.36
36816,106-HT-T30,FPQ-9635,SCMS-148410,ASN-15840,Haiti,PMO - US,Direct Drop,EXW,Air,5/14/12,7/12/12,16-Aug-12,16-Aug-12,16-Aug-12,ARV,Adult,Aurobindo Pharma Limited,"Stavudine 30mg, capsules, 60 Caps",Stavudine,Generic,30mg,Capsule,60,90,126.0,1.4,0.02,"Aurobindo Unit III, India",Yes,6,941.74,0.18
82456,105-GY-T30,FPQ-8623,SO-41030,DN-2575,Guyana,PMO - US,From RDC,N/A - From RDC,Air,10/27/11,N/A - From RDC,30-Mar-12,19-Mar-12,19-Mar-12,ARV,Adult,SCMS from RDC,"Lopinavir/Ritonavir 200/50mg [Aluvia], tablets, 120 Tabs",Lopinavir/Ritonavir,Aluvia,200/50mg,Tablet,120,1313,44300.62,33.74,0.28,ABBVIE Ludwigshafen Germany,Yes,276,3940.18,62.11
12898,111-MZ-T01,Pre-PQ Process,SO-26423,DN-1332,Mozambique,PMO - US,From RDC,N/A - From RDC,Truck,Date Not Captured,N/A - From RDC,27-Aug-09,27-Aug-09,27-Aug-09,ARV,Adult,SCMS from RDC,"Lamivudine 150mg, tablets, 60 Tabs",Lamivudine,Generic,150mg,Tablet,60,1894,4621.36,2.44,0.04,"Aurobindo Unit III, India",No,See DN-1332 (ID#:11663),See DN-1332 (ID#:11663),9.06
11993,114-UG-T01,Pre-PQ Process,SO-30080,DN-1322,Uganda,PMO - US,From RDC,N/A - From RDC,Air,Date Not Captured,N/A - From RDC,17-Jul-09,17-Jul-09,17-Jul-09,ARV,Adult,SCMS from RDC,"Lamivudine/Nevirapine/Stavudine 150/200/30mg, tablets, 60 Tabs",Lamivudine/Nevirapine/Stavudine,Generic,150/200/30mg,Tablet - FDC,60,4340,30900.8,7.12,0.12,"Strides, Bangalore, India.",Yes,322,3017.15,60.57
21378,114-UG-T30,FPQ-12777,SCMS-202560,ASN-22985,Uganda,PMO - US,Direct Drop,EXW,Air,8/5/13,8/9/13,10-Dec-13,12-Dec-13,13-Dec-13,ARV,Pediatric,Aurobindo Pharma Limited,"Nevirapine 10mg/ml, oral suspension w/syringe, Bottle, 100 ml",Nevirapine,Generic,10mg/ml,Oral suspension,100,10368,13478.4,1.3,0.01,"Aurobindo Unit III, India",Yes,Weight Captured Separately,Invoiced Separately,16.67
85348,105-GY-T30,FPQ-11546,SO-44500,DN-3099,Guyana,PMO - US,From RDC,N/A - From RDC,Air,1/28/13,N/A - From RDC,18-Apr-13,19-Apr-13,19-Apr-13,ARV,Pediatric,SCMS from RDC,"Zidovudine 10mg/ml, oral solution w/syringe, Bottle, 240 ml",Zidovudine,Generic,10mg/ml,Oral solution,240,397,833.7,2.1,0.01,"Aurobindo Unit III, India",No,See DN-3099 (ID#:82566),See DN-3099 (ID#:82566),1.03
61697,116-ZA-T30,FPQ-14942,SCMS-259076,ASN-32524,South Africa,PMO - US,Direct Drop,DDP,Truck,9/11/14,6/2/15,2-Jun-15,2-Jun-15,2-Jun-15,ARV,Adult,PHARMACY DIRECT,"Zidovudine 300mg, tablets, 60 Tabs",Zidovudine,Generic,300mg,Tablet,60,7,126.22,18.03,0.3,"Aurobindo Unit III, India",No,Weight Captured Separately,Freight Included in Commodity Cost,0.13
67717,108-VN-T30,FPQ-5317,SCMS-69250,ASN-7661,Vietnam,PMO - US,Direct Drop,EXW,Air,3/22/10,3/25/10,13-Aug-10,13-Aug-10,13-Aug-10,ARV,Adult,Aurobindo Pharma Limited,"Stavudine 30mg, capsules, 60 Caps",Stavudine,Generic,30mg,Capsule,60,21504,30105.6,1.4,0.02,"Aurobindo Unit III, India",No,See ASN-7661 (ID#:21752),See ASN-7661 (ID#:21752),64.91
83334,104-CI-T30,FPQ-14370,SO-49040,DN-4253,Côte d'Ivoire,PMO - US,From RDC,N/A - From RDC,Truck,5/23/14,N/A - From RDC,8-Jun-15,8-Jun-15,19-Jun-15,ARV,Adult,SCMS from RDC,"Lopinavir/Ritonavir 200/50mg, tablets, 120 Tabs",Lopinavir/Ritonavir,Generic,200/50mg,Tablet,120,11169,216231.84,19.36,0.16,"Aurobindo Unit III, India",Yes,13107,20816.42,222.29
83540,114-UG-T30,FPQ-7166,SO-38870,DN-2389,Uganda,PMO - US,From RDC,N/A - From RDC,Air,2/11/11,N/A - From RDC,15-Nov-11,1-Nov-11,1-Nov-11,ARV,Pediatric,SCMS from RDC,"Nevirapine 10mg/ml, oral suspension w/syringe, Bottle, 240 ml",Nevirapine,Generic,10mg/ml,Oral suspension,240,9794,19098.3,1.95,0.01,"Aurobindo Unit III, India",Yes,3654,19520.77,31.51
11091,100-CI-T01,Pre-PQ Process,SO-373,DN-30,Côte d'Ivoire,PMO - US,From RDC,N/A - From RDC,,Pre-PQ Process,N/A - From RDC,15-Mar-07,15-Mar-07,15-Mar-07,ARV,Adult,SCMS from RDC,"Tenofovir Disoproxil Fumarate 300mg [Viread], tablets, 30 Tabs",Tenofovir Disoproxil Fumarate,Viread,300mg,Tablet,30,528,8976.0,17.0,0.57,Gilead(Nycomed) Oranienburg DE,Yes,368,1619,
1279,113-ZW-T01,Pre-PQ Process,SCMS-135,ASN-79,Zimbabwe,PMO - US,Direct Drop,CIP,Air,Pre-PQ Process,Date Not Captured,7-Nov-06,7-Nov-06,7-Nov-06,ARV,Adult,INTERNATIONAL HEALTHCARE DISTRIBUTORS,"Lopinavir/Ritonavir 133.3/33.3mg [Kaletra], capsules, cool, 2 x 90 Caps",Lopinavir/Ritonavir,Kaletra,133.3/33.3mg,Capsule,180,260,11096.8,42.68,0.24,ABBVIE (Abbott) St. P'burg USA,Yes,135,Freight Included in Commodity Cost,
12396,111-MZ-T01,Pre-PQ Process,SO-298,DN-304,Mozambique,PMO - US,From RDC,N/A - From RDC,Air,Pre-PQ Process,N/A - From RDC,21-Sep-07,21-Sep-07,21-Sep-07,ARV,Pediatric,SCMS from RDC,"Zidovudine 10mg/ml, oral solution, Bottle, 240 ml",Zidovudine,Generic,10mg/ml,Oral solution,240,2185,8630.75,3.95,0.02,"Aurobindo Unit III, India",No,See DN-304 (ID#:10589),See DN-304 (ID#:10589),13.81
84250,110-ZM-T30,FPQ-11969,SO-44910,DN-3116,Zambia,PMO - US,From RDC,N/A - From RDC,Air,3/26/13,N/A - From RDC,28-Jun-13,13-May-13,13-May-13,ARV,Adult,SCMS from RDC,"Emtricitabine/Tenofovir Disoproxil Fumarate 200/300mg, tablets, 30 Tabs",Emtricitabine/Tenofovir Disoproxil Fumarate,Generic,200/300mg,Tablet - FDC,30,20537,124659.59,6.07,0.2,Hetero Unit III Hyderabad IN,No,See DN-3116 (ID#:84248),See DN-3116 (ID#:84248),154.2
75177,116-ZA-T30,FPQ-12522,SCMS-199288,ASN-27198,South Africa,PMO - US,Direct Drop,DDP,Truck,7/11/13,7/10/14,10-Jul-14,10-Jul-14,10-Jul-14,ARV,Pediatric,S. BUYS WHOLESALER,"Lopinavir/Ritonavir 80/20mg/ml [Kaletra], oral solution, cool, Bottle 5 x 60 ml",Lopinavir/Ritonavir,Kaletra,80/20mg/ml,Oral solution,300,4,93.81,23.45,0.08,ABBVIE (Abbott) Logis. UK,Yes,Weight Captured Separately,Freight Included in Commodity Cost,0.12
24766,116-ZA-T30,FPQ-5535,SCMS-71370,ASN-7373,South Africa,PMO - US,Direct Drop,DDP,Truck,4/19/10,4/21/10,31-May-10,31-May-10,31-May-10,ARV,Adult,S. BUYS WHOLESALER,"Tenofovir Disoproxil Fumarate 300mg [Viread], tablets, 30 Tabs",Tenofovir Disoproxil Fumarate,Viread,300mg,Tablet,30,1200,34631.24,28.86,0.96,"Aspen-OSD, Port Elizabeth, SA",No,Weight Captured Separately,Freight Included in Commodity Cost,74.66
4648,117-ET-T01,Pre-PQ Process,SCMS-28700,ASN-2719,Ethiopia,PMO - US,Direct Drop,EXW,Air,Pre-PQ Process,8/22/08,30-Oct-08,28-Oct-08,28-Oct-08,HRDT,HIV test,"SHANGHAI KEHUA BIOENGINEERING CO.,LTD.  (KHB)","HIV 1/2, SKB Colloidal Gold, Diagnostic Kit, Antibody, 50 Tests","HIV 1/2, Colloidal Gold, Diagnostic Kit, Antibody",Colloidal Gold,,Test kit,1,7002,161046.0,23.0,23.0,"KHB Test Kit Facility, Shanghai China",Yes,5057,44360.44,315.65
84166,102-LY-T30,FPQ-9665,SO-41900,DN-2641,Libya,PMO - US,From RDC,N/A - From RDC,Air,4/4/12,N/A - From RDC,23-May-12,23-May-12,23-May-12,ARV,Adult,SCMS from RDC,"Lamivudine 150mg, tablets, 60 Tabs",Lamivudine,Generic,150mg,Tablet,60,8334,19418.22,2.33,0.04,Macleods Daman Plant INDIA,No,See DN-2641 (ID#:83029),See DN-2641 (ID#:83029),27.22
61286,133-NG-T30,FPQ-12456,SCMS-196561,ASN-22354,Nigeria,PMO - US,Direct Drop,EXW,Air,6/10/13,7/10/13,7-Nov-13,13-Nov-13,17-Nov-13,HRDT,HIV test,"Orgenics, Ltd","HIV 1/2, Determine Complete HIV Kit, 100 Tests","HIV 1/2, Determine Complete HIV Kit",Determine,,Test kit,100,3076,273764.0,89.0,0.89,"Alere Medical Co., Ltd.",Yes,1249,21084.84,338.65
41798,161-ZA-T30,FPQ-6262,SCMS-83790,ASN-9195,South Africa,PMO - US,Direct Drop,DDP,Ocean,8/31/10,9/24/10,31-Jan-11,1-Feb-11,1-Feb-11,ARV,Adult,Aurobindo Pharma Limited,"Lamivudine 150mg, tablets, 60 Tabs",Lamivudine,Generic,150mg,Tablet,60,17013,40320.81,2.37,0.04,"Aurobindo Unit III, India",No,See ASN-9195 (ID#:39724),See ASN-9195 (ID#:39724),86.93
67776,108-VN-T30,FPQ-4662,SCMS-58610,ASN-5841,Vietnam,PMO - US,Direct Drop,EXW,Air,12/2/09,12/8/09,25-Jan-10,25-Jan-10,25-Jan-10,ARV,Adult,STRIDES ARCOLAB LIMITED,"Stavudine 30mg, capsules, 60 Caps",Stavudine,Generic,30mg,Capsule,60,672,940.8,1.4,0.02,"Strides, Bangalore, India.",Yes,32,1701.1,2.03
12378,110-ZM-T01,Pre-PQ Process,SO-314,DN-270,Zambia,PMO - US,From RDC,N/A - From RDC,,Pre-PQ Process,N/A - From RDC,7-Aug-07,7-Aug-07,7-Aug-07,ARV,Adult,SCMS from RDC,"Efavirenz 600mg, tablets, 30 Tabs",Efavirenz,Generic,600mg,Tablet,30,48348,786138.48,16.26,0.54,"Aurobindo Unit III, India",No,See DN-270 (ID#:10843),See DN-270 (ID#:10843),1257.82
85117,105-GY-T30,FPQ-5599,SO-36700,DN-1838,Guyana,PMO - US,From RDC,N/A - From RDC,Air,4/28/10,N/A - From RDC,7-Jun-10,27-May-10,27-May-10,ARV,Adult,SCMS from RDC,"Nevirapine 200mg, tablets, 60 Tabs",Nevirapine,Generic,200mg,Tablet,60,1815,4827.9,2.66,0.04,"Aurobindo Unit III, India",No,See DN-1838 (ID#:82887),See DN-1838 (ID#:82887),10.41
49907,103-MW-T30,FPQ-10790,SCMS-163900,ASN-19496,Malawi,PMO - US,Direct Drop,EXW,Ocean,10/17/12,10/31/12,24-Jul-13,24-Jul-13,24-Jul-13,ARV,Adult,MYLAN LABORATORIES LTD (FORMERLY MATRIX LABORATORIES),"Efavirenz/Lamivudine/Tenofovir Disoproxil Fumarate 600/300/300mg, tablets, 30 Tabs",Efavirenz/Lamivudine/Tenofovir Disoproxil Fumarate,Generic,600/300/300mg,Tablet - FDC,30,60000,689400.0,11.49,0.38,Mylan (formerly Matrix) Nashik,Yes,6778,15020.21,852.79
82279,104-CI-T30,FPQ-4187,SO-33492,DN-1555,Côte d'Ivoire,PMO - US,From RDC,N/A - From RDC,Air,9/9/09,N/A - From RDC,9-Dec-09,27-Nov-09,27-Nov-09,ARV,Adult,SCMS from RDC,"Lamivudine 150mg, tablets, 60 Tabs",Lamivudine,Generic,150mg,Tablet,60,5907,14413.08,2.44,0.04,"Aurobindo Unit III, India",Yes,283,4969.95,28.25
85500,107-RW-T30,FPQ-14111,SO-48771,DN-3802,Rwanda,PMO - US,From RDC,N/A - From RDC,Truck,4/22/14,N/A - From RDC,30-Sep-14,16-Jul-14,21-Jul-14,ARV,Pediatric,SCMS from RDC,"Abacavir/Lamivudine 60/30mg, tablets, 60 Tabs",Abacavir/Lamivudine,Generic,60/30mg,Tablet - FDC,60,1419,6385.5,4.5,0.08,"Aurobindo Unit III, India",Yes,71,961.06,6.56
84153,111-MZ-T30,FPQ-8157,SO-40381,DN-2590,Mozambique,PMO - US,From RDC,N/A - From RDC,Truck,8/4/11,N/A - From RDC,7-May-12,24-May-12,24-May-12,ARV,Adult,SCMS from RDC,"Lamivudine/Nevirapine/Zidovudine 150/200/300mg, tablets, 60 Tabs",Lamivudine/Nevirapine/Zidovudine,Generic,150/300/200mg,Tablet - FDC,60,14125,158482.5,11.22,0.19,Mylan (formerly Matrix) Nashik,No,See DN-2590 (ID#:83019),See DN-2590 (ID#:83019),261.5
84360,110-ZM-T30,FPQ-13221,SO-47201,DN-3648,Zambia,PMO - US,From RDC,N/A - From RDC,Truck,10/31/13,N/A - From RDC,6-May-14,19-May-14,12-Jun-14,ARV,Adult,SCMS from RDC,"Lamivudine/Tenofovir Disoproxil Fumarate 300/300mg, tablets, 30 Tabs",Lamivudine/Tenofovir Disoproxil Fumarate,Generic,300/300mg,Tablet - FDC,30,27900,129456.0,4.64,0.15,Ranbaxy per Shasun Pharma Ltd,Yes,17018,19564.23,133.08
1047,106-HT-T01,Pre-PQ Process,SCMS-40000,ASN-3675,Haiti,PMO - US,Direct Drop,CIP,Air,Pre-PQ Process,3/6/09,31-Mar-09,31-Mar-09,31-Mar-09,ARV,Pediatric,BRISTOL-MYERS SQUIBB,"Didanosine 2g [Videx], powder for oral solution 10mg/ml, reconstitute to 200 ml",Didanosine,Videx,2g,Powder for oral solution,200,32,402.88,12.59,0.06,"BMS Meymac, France",No,See ASN-3675 (ID#:1046),See ASN-3675 (ID#:1046),0.79
85335,106-HT-T30,FPQ-11281,SO-44400,DN-3015,Haiti,PMO - US,From RDC,N/A - From RDC,Air,1/16/13,N/A - From RDC,9-Apr-13,14-Mar-13,14-Mar-13,ARV,Pediatric,SCMS from RDC,"Efavirenz 200mg, scored tablets, 90 Tabs",Efavirenz,Generic,200mg,Tablet,90,2000,14600.0,7.3,0.08,"Strides, Bangalore, India.",No,See DN-3015 (ID#:82554),See DN-3015 (ID#:82554),18.06
24970,116-ZA-T30,FPQ-12522,SCMS-199289,ASN-28034,South Africa,PMO - US,Direct Drop,DDP,Truck,7/11/13,8/29/14,29-Aug-14,29-Aug-14,29-Aug-14,ARV,Adult,S. BUYS WHOLESALER,"Efavirenz 600mg, tablets, 30 Tabs",Efavirenz,Generic,600mg,Tablet,30,915,15162.72,16.57,0.55,Hetero Unit III Hyderabad IN,No,Weight Captured Separately,Freight Included in Commodity Cost,18.76
12050,112-NG-T01,Pre-PQ Process,SO-563,DN-209,Nigeria,PMO - US,From RDC,N/A - From RDC,,Pre-PQ Process,N/A - From RDC,3-Jul-07,3-Jul-07,3-Jul-07,ARV,Adult,SCMS from RDC,"Lamivudine 150mg, tablets, 60 Tabs",Lamivudine,Generic,150mg,Tablet,60,552,1827.12,3.31,0.06,"Ranbaxy, Paonta Shahib, India",No,See DN-209 (ID#:11136),See DN-209 (ID#:11136),2.92
66992,102-GY-T30,FPQ-4871,SCMS-63880,ASN-6085,Guyana,PMO - US,Direct Drop,EXW,Air,1/11/10,2/4/10,4-Mar-10,4-Mar-10,4-Mar-10,HRDT,HIV test,"CHEMBIO DIAGNOSTIC SYSTEMS, INC.","HIV 1/2, Stat-Pak HIV, Kit, 20 Tests","HIV 1/2, Stat-Pak HIV, Kit",Stat-Pak,,Test kit,20,20,540.0,27.0,1.35,Chembio Diagnostics Sys. Inc.,Yes,11,386.16,1.16
86174,102-BI-T30,FPQ-15406,SO-50270,DN-4144,Burundi,PMO - US,From RDC,N/A - From RDC,Air,11/19/14,N/A - From RDC,27-Feb-15,28-Feb-15,5-Mar-15,ARV,Adult,SCMS from RDC,"Lamivudine/Nevirapine/Zidovudine 150/200/300mg, tablets, 60 Tabs",Lamivudine/Nevirapine/Zidovudine,Generic,150/300/200mg,Tablet - FDC,60,1728,13340.16,7.72,0.13,Mylan (formerly Matrix) Nashik,No,See DN-4144 (ID#:82781),See DN-4144 (ID#:82781),15.7
12755,102-NG-T01,Pre-PQ Process,SO-1504,DN-515,Nigeria,PMO - US,From RDC,N/A - From RDC,Air,Pre-PQ Process,N/A - From RDC,9-Jan-08,9-Jan-08,9-Jan-08,HRDT,HIV test,SCMS from RDC,"#108853** HIV, Genie II HIV-1/HIV-2 Kit, 40 Tests","HIV, Genie II HIV-1/HIV-2 Kit",Genie,,Test kit,40,375,28500.0,76.0,1.9,Bio-Rad Laboratories,Yes,411,3147,45.6
4369,108-VN-T01,Pre-PQ Process,SCMS-20400,ASN-2205,Vietnam,PMO - US,Direct Drop,EXW,Air,Pre-PQ Process,3/31/08,19-Sep-08,19-Sep-08,19-Sep-08,ARV,Adult,CIPLA LIMITED,"Lamivudine/Nevirapine/Stavudine 150/200/30mg, tablets, 60 Tabs",Lamivudine/Nevirapine/Stavudine,Generic,150/200/30mg,Tablet - FDC,60,9600,71040.0,7.4,0.12,"Cipla, Goa, India",Yes,920,7265.05,113.66
76483,102-SD-T30,FPQ-6119,SCMS-84000,ASN-9447,Sudan,PMO - US,Direct Drop,EXW,Air,8/30/10,9/2/10,10-Feb-11,10-Feb-11,10-Feb-11,HRDT,HIV test,"Orgenics, Ltd","HIV 1/2, Determine Complete HIV Kit, 100 Tests","HIV 1/2, Determine Complete HIV Kit",Determine,,Test kit,100,130,11570.0,89.0,0.89,Inverness Japan,Yes,60,2084.49,24.94
51408,133-NG-T30,FPQ-8117,SCMS-118190,ASN-12878,Nigeria,PMO - US,Direct Drop,EXW,Air,7/28/11,8/15/11,19-Dec-11,9-Dec-11,9-Dec-11,HRDT,HIV test,"Orgenics, Ltd","HIV 1/2, Determine Complete HIV Kit, 100 Tests","HIV 1/2, Determine Complete HIV Kit",Determine,,Test kit,100,2891,257299.0,89.0,0.89,"Alere Medical Co., Ltd.",Yes,1378,32667.09,424.54
712,119-NA-T01,Pre-PQ Process,SCMS-28840,ASN-2450,Namibia,PMO - US,Direct Drop,EXW,Air,Pre-PQ Process,8/26/08,18-Sep-08,18-Sep-08,18-Sep-08,HRDT,HIV test,"Trinity Biotech, Plc","HIV 1/2, Uni-Gold HIV Kit, 20 Tests","HIV 1/2, Uni-Gold HIV Kit",Uni-Gold,,Test kit,20,10,320.0,32.0,1.6,"Trinity Biotech, Plc",Yes,Weight Captured Separately,Invoiced Separately,0.51
13148,103-DO-T30,FPQ-14469,SCMS-244720,ASN-26962,Dominican Republic,PMO - US,Direct Drop,DDP,Air,6/13/14,6/23/14,14-Jan-14,14-Jan-14,7-Feb-14,ARV,Pediatric,"ABBVIE, SRL (FORMALLY ABBOTT LABORATORIES INTERNATIONAL CO.)","Lopinavir/Ritonavir 80/20mg/ml [Kaletra], oral solution, cool, Bottle, 160 ml",Lopinavir/Ritonavir,Kaletra,80/20mg/ml,Oral solution,160,4570,148250.8,32.44,0.2,ABBVIE Labs North Chicago US,Yes,Weight Captured Separately,Freight Included in Commodity Cost,152.4
85993,114-UG-T30,FPQ-12253,SO-45450,DN-3290,Uganda,PMO - US,From RDC,N/A - From RDC,Air,5/8/13,N/A - From RDC,27-Sep-13,27-Sep-13,27-Sep-13,ARV,Adult,SCMS from RDC,"Nevirapine 200mg, tablets, 60 Tabs",Nevirapine,Generic,200mg,Tablet,60,47925,108310.5,2.26,0.04,Hetero Unit III Hyderabad IN,Yes,2933,20719.01,133.98
41162,133-NG-T30,FPQ-7553,SCMS-108710,ASN-11147,Nigeria,PMO - US,Direct Drop,EXW,Air,4/28/11,5/18/11,28-Jun-11,28-Jun-11,28-Jun-11,HRDT,HIV test,"CHEMBIO DIAGNOSTIC SYSTEMS, INC.","HIV 1/2, Stat-Pak HIV, Kit, 20 Tests","HIV 1/2, Stat-Pak HIV, Kit",Stat-Pak,,Test kit,20,1286,37294.0,29.0,1.45,Chembio Diagnostics Sys. Inc.,Yes,482,2386.35,61.54
11373,100-CI-T01,Pre-PQ Process,SO-397,DN-54,Côte d'Ivoire,PMO - US,From RDC,N/A - From RDC,,Pre-PQ Process,N/A - From RDC,4-May-07,4-May-07,4-May-07,ARV,Adult,SCMS from RDC,"Efavirenz 600mg, tablets, 30 Tabs",Efavirenz,Generic,600mg,Tablet,30,4500,73125.0,16.25,0.54,"Aurobindo Unit III, India",Yes,410,1931,
10357,116-ZA-T01,Pre-PQ Process,SCMS-41230,ASN-3758,South Africa,PMO - US,Direct Drop,DDP,Air,Pre-PQ Process,Date Not Captured,1-Apr-09,11-Feb-09,11-Feb-09,ARV,Adult,S. BUYS WHOLESALER,"Tenofovir Disoproxil Fumarate 300mg [Viread], tablets, 30 Tabs",Tenofovir Disoproxil Fumarate,Viread,300mg,Tablet,30,400,8692.0,21.73,0.72,"Aspen-OSD, Port Elizabeth, SA",No,Weight Captured Separately,Freight Included in Commodity Cost,17.04
59153,108-VN-T30,FPQ-5317,SCMS-69230,ASN-7572,Vietnam,PMO - US,Direct Drop,FCA,Air,3/22/10,3/31/10,31-Jul-10,31-Jul-10,31-Jul-10,ARV,Adult,ABBVIE LOGISTICS (FORMERLY ABBOTT LOGISTICS BV),"Lopinavir/Ritonavir 200/50mg [Aluvia], tablets, 120 Tabs",Lopinavir/Ritonavir,Aluvia,200/50mg,Tablet,120,3470,285234.0,82.2,0.68,ABBVIE Ludwigshafen Germany,Yes,862,5215.07,614.96
83055,107-RW-T30,FPQ-10119,SO-42731,DN-2737,Rwanda,PMO - US,From RDC,N/A - From RDC,Air,6/18/12,N/A - From RDC,28-Sep-12,21-Jul-12,21-Jul-12,ARV,Pediatric,SCMS from RDC,"Efavirenz 200mg, capsule, 90 Caps",Efavirenz,Generic,200mg,Capsule,90,1480,12224.8,8.26,0.09,"Aurobindo Unit III, India",Yes,187,2109.22,17.14
84046,105-GY-T30,FPQ-6439,SO-37490,DN-2022,Guyana,PMO - US,From RDC,N/A - From RDC,Air,9/22/10,N/A - From RDC,20-Oct-10,28-Sep-10,28-Sep-10,ARV,Adult,SCMS from RDC,"Lopinavir/Ritonavir 200/50mg, tablets, 120 Tabs",Lopinavir/Ritonavir,Generic,200/50mg,Tablet,120,140,5425.0,38.75,0.32,"Aurobindo Unit III, India",Yes,34,2027.42,11.7
42038,102-KE-T30,FPQ-4587,SCMS-58380,ASN-5898,Kenya,PMO - US,Direct Drop,EXW,Air,11/18/09,12/2/09,16-Feb-10,19-Feb-10,19-Feb-10,HRDT,HIV test,"Orgenics, Ltd","HIV 1/2, Determine Complete HIV Kit, 100 Tests","HIV 1/2, Determine Complete HIV Kit",Determine,,Test kit,100,7888,631040.0,80.0,0.8,Inverness Japan,Yes,1357,12965.93,1360.52
84264,111-MZ-T30,FPQ-10211,SO-42861,DN-3180,Mozambique,PMO - US,From RDC,N/A - From RDC,Truck,6/28/12,N/A - From RDC,28-Jun-13,10-Jul-13,10-Jul-13,ARV,Adult,SCMS from RDC,"Efavirenz/Lamivudine/Tenofovir Disoproxil Fumarate 600/300/300mg, tablets, 30 Tabs",Efavirenz/Lamivudine/Tenofovir Disoproxil Fumarate,Generic,600/300/300mg,Tablet - FDC,30,66956,704377.12,10.52,0.35,Mylan (formerly Matrix) Nashik,Yes,5810,13649.6,987.54
85587,114-UG-T30,FPQ-15294,SO-50050,DN-4218,Uganda,PMO - US,From RDC,N/A - From RDC,Truck,11/3/14,N/A - From RDC,15-Jun-15,14-May-15,15-May-15,ARV,Adult,SCMS from RDC,"Nevirapine 200mg, tablets, 60 Tabs",Nevirapine,Generic,200mg,Tablet,60,79258,172782.44,2.18,0.04,Hetero Unit III Hyderabad IN,No,See DN-4218 (ID#:83326),See DN-4218 (ID#:83326),203.36
28923,114-UG-T30,FPQ-11141,SCMS-173470,ASN-19519,Uganda,PMO - US,Direct Drop,EXW,Air,12/13/12,2/4/13,24-May-13,24-May-13,24-May-13,ARV,Adult,EMCURE PHARMACEUTICALS LTD,"Atazanavir 300mg, capsules, 30 Caps",Atazanavir,Generic,300mg,Capsule,30,132,2640.0,20.0,0.67,"Emcure Plot No.P-2, I.T-B.T. Park, Phase II, MIDC, Hinjwadi, Pune, India",Yes,12,1025.37,3.27
10549,111-MZ-T01,Pre-PQ Process,SO-293,DN-44,Mozambique,PMO - US,From RDC,N/A - From RDC,Air,Pre-PQ Process,N/A - From RDC,17-Apr-07,17-Apr-07,17-Apr-07,ARV,Adult,SCMS from RDC,"Saquinavir 200mg [Invirase], capsules, 270 Caps",Saquinavir,Invirase,200mg,Capsule,270,470,35856.3,76.29,0.28,Roche Basel,Yes,Weight Captured Separately,7364.3,
83550,111-MZ-T30,FPQ-8157,SO-40322,DN-2471,Mozambique,PMO - US,From RDC,N/A - From RDC,Truck,8/4/11,N/A - From RDC,8-Mar-12,8-Mar-12,8-Mar-12,ARV,Adult,SCMS from RDC,"Lamivudine/Nevirapine/Zidovudine 150/200/300mg, tablets, 60 Tabs",Lamivudine/Nevirapine/Zidovudine,Generic,150/300/200mg,Tablet - FDC,60,150000,1683000.0,11.22,0.19,"Cipla, Goa, India",Yes,19143,16660.04,2776.95
85391,101-CD-T30,FPQ-12088,SO-45030,DN-3269,"Congo, DRC",PMO - US,From RDC,N/A - From RDC,Air,4/12/13,N/A - From RDC,28-Aug-13,8-Feb-14,11-Mar-14,ARV,Pediatric,SCMS from RDC,"Lamivudine/Nevirapine/Zidovudine 30/50/60mg, dispersible tablets, 60 Tabs",Lamivudine/Nevirapine/Zidovudine,Generic,30/50/60mg,Chewable/dispersible tablet - FDC,60,5076,21065.4,4.15,0.07,Mylan (formerly Matrix) Nashik,No,See DN-3269 (ID#:83711),See DN-3269 (ID#:83711),26.06
10763,151-NG-T01,Pre-PQ Process,SO-22527,DN-1209,Nigeria,PMO - US,From RDC,N/A - From RDC,Air Charter,Pre-PQ Process,N/A - From RDC,8-May-09,8-May-09,8-May-09,ARV,Adult,SCMS from RDC,"Lamivudine/Nevirapine/Zidovudine 150/200/300mg, tablets, 60 Tabs",Lamivudine/Nevirapine/Zidovudine,Generic,150/300/200mg,Tablet - FDC,60,30415,346731.0,11.4,0.19,"Aurobindo Unit III, India",Yes,3415,15128.37,679.59
82967,111-MZ-T30,FPQ-7053,SO-38633,DN-2302,Mozambique,PMO - US,From RDC,N/A - From RDC,Truck,1/24/11,N/A - From RDC,31-Aug-11,15-Sep-11,15-Sep-11,ARV,Adult,SCMS from RDC,"Lamivudine/Zidovudine 150/300mg, tablets, 60 Tabs",Lamivudine/Zidovudine,Generic,150/300mg,Tablet - FDC,60,25312,216417.6,8.55,0.14,"Aurobindo Unit III, India",Yes,4988,7960.74,357.09
83461,113-ZW-T30,FPQ-4694,SO-35370,DN-2041,Zimbabwe,PMO - US,From RDC,N/A - From RDC,Truck,12/8/09,N/A - From RDC,30-Nov-10,25-Nov-10,25-Nov-10,ARV,Adult,SCMS from RDC,"Efavirenz 600mg, tablets, 30 Tabs",Efavirenz,Generic,600mg,Tablet,30,5900,26668.0,4.52,0.15,"Aurobindo Unit III, India",Yes,12810,15919.75,57.5
84162,109-TZ-T30,FPQ-8303,SO-40490,DN-2633,Tanzania,PMO - US,From RDC,N/A - From RDC,Truck,8/22/11,N/A - From RDC,1-Jun-12,1-Jun-12,1-Jun-12,ARV,Pediatric,SCMS from RDC,"Lamivudine/Nevirapine/Stavudine 60/100/12mg, dispersible tablets, 60 Tabs",Lamivudine/Nevirapine/Stavudine,Generic,60/100/12mg,Chewable/dispersible tablet - FDC,60,26300,119402.0,4.54,0.08,"Cipla, Goa, India",Yes,2278,7865.4,197.01
14628,116-ZA-T30,FPQ-12522,SCMS-199283,ASN-27978,South Africa,PMO - US,Direct Drop,DDP,Truck,7/11/13,8/27/14,27-Aug-14,27-Aug-14,27-Aug-14,ARV,Adult,S. BUYS WHOLESALER,"Lopinavir/Ritonavir 200/50mg [Aluvia], tablets, 120 Tabs",Lopinavir/Ritonavir,Aluvia,200/50mg,Tablet,120,48,1236.47,25.76,0.21,ABBVIE Ludwigshafen Germany,No,Weight Captured Separately,Freight Included in Commodity Cost,1.53
73003,108-VN-T30,FPQ-14516,SCMS-249050,ASN-29375,Vietnam,PMO - US,Direct Drop,EXW,Air,7/9/14,8/11/14,17-Dec-14,17-Dec-14,17-Dec-14,ARV,Adult,HETERO LABS LIMITED,"Efavirenz/Lamivudine/Tenofovir Disoproxil Fumarate 600/300/300mg, tablets, 30 Tabs",Efavirenz/Lamivudine/Tenofovir Disoproxil Fumarate,Generic,600/300/300mg,Tablet - FDC,30,19200,201600.0,10.5,0.35,Hetero Unit III Hyderabad IN,Yes,2719,4084.56,207.24
86274,106-HT-T30,FPQ-4384,SO-35920,DN-1667,Haiti,PMO - US,From RDC,N/A - From RDC,Air,10/23/09,N/A - From RDC,10-Mar-10,3-Mar-10,3-Mar-10,ARV,Adult,SCMS from RDC,"Lamivudine 150mg, tablets, 60 Tabs",Lamivudine,Generic,150mg,Tablet,60,7920,19324.8,2.44,0.04,"Aurobindo Unit III, India",No,See DN-1667 (ID#:82861),See DN-1667 (ID#:82861),41.66
10924,100-ZW-T01,Pre-PQ Process,SO-710,DN-488,Zimbabwe,PMO - US,From RDC,N/A - From RDC,Air,Pre-PQ Process,N/A - From RDC,14-Jan-08,14-Jan-08,14-Jan-08,ARV,Adult,SCMS from RDC,"Efavirenz 600mg, tablets, 30 Tabs",Efavirenz,Generic,600mg,Tablet,30,627,7787.34,12.42,0.41,"Cipla, Goa, India",No,See DN-488 (ID#:10652),See DN-488 (ID#:10652),12.46
84347,103-SS-T30,FPQ-13173,SO-47100,DN-3581,South Sudan,PMO - US,From RDC,N/A - From RDC,Air,10/28/13,N/A - From RDC,31-Mar-14,21-Mar-14,26-Mar-14,ARV,Adult,SCMS from RDC,"Lopinavir/Ritonavir 200/50mg, tablets, 120 Tabs",Lopinavir/Ritonavir,Generic,200/50mg,Tablet,120,507,10175.49,20.07,0.17,"Aurobindo Unit III, India",No,See DN-3581 (ID#:83219),See DN-3581 (ID#:83219),10.46
22600,105-SS-T30,FPQ-11539,SCMS-176930,ASN-19142,South Sudan,PMO - US,Direct Drop,EXW,Air,1/24/13,2/26/13,20-Jul-13,20-Jul-13,20-Jul-13,HRDT,HIV test,"Orgenics, Ltd","HIV 1/2, Determine Complete HIV Kit, 100 Tests","HIV 1/2, Determine Complete HIV Kit",Determine,,Test kit,100,250,22250.0,89.0,0.89,"Alere Medical Co., Ltd.",Yes,115,2561.61,27.52
84144,106-HT-T30,FPQ-9056,SO-41300,DN-2535,Haiti,PMO - US,From RDC,N/A - From RDC,Air,12/20/11,N/A - From RDC,2-Mar-12,12-Mar-12,12-Mar-12,ARV,Pediatric,SCMS from RDC,"Lamivudine 10mg/ml, oral solution w/syringe, Bottle, 240 ml",Lamivudine,Generic,10mg/ml,Oral solution,240,2808,5194.8,1.85,0.01,"Aurobindo Unit III, India",No,See DN-2535 (ID#:83011),See DN-2535 (ID#:83011),7.28
76226,106-HT-T30,FPQ-11443,SCMS-180970,ASN-20026,Haiti,PMO - US,Direct Drop,EXW,Ocean,2/7/13,3/26/13,2-Sep-13,2-Sep-13,2-Sep-13,ARV,Adult,HETERO LABS LIMITED,"Efavirenz/Lamivudine/Tenofovir Disoproxil Fumarate 600/300/300mg, tablets, 30 Tabs",Efavirenz/Lamivudine/Tenofovir Disoproxil Fumarate,Generic,600/300/300mg,Tablet - FDC,30,48150,505575.0,10.5,0.35,Hetero Unit III Hyderabad IN,No,See ASN-20026 (ID#:64635),See ASN-20026 (ID#:64635),625.4
28001,133-NG-T30,FPQ-10765,SCMS-162440,ASN-18173,Nigeria,PMO - US,Direct Drop,EXW,Air,10/5/12,10/16/12,9-Jan-13,26-Feb-13,26-Feb-13,HRDT,HIV test,"Orgenics, Ltd","HIV 1/2, Determine Complete HIV Kit, 100 Tests","HIV 1/2, Determine Complete HIV Kit",Determine,,Test kit,100,2853,253917.0,89.0,0.89,"Alere Medical Co., Ltd.",Yes,1294,Freight Included in Commodity Cost,355.99
11914,510-KE-T01,Pre-PQ Process,SO-12690,DN-875,Kenya,PMO - US,From RDC,N/A - From RDC,Air,Pre-PQ Process,N/A - From RDC,26-Aug-08,26-Aug-08,26-Aug-08,HRDT,HIV test,SCMS from RDC,"HIV 1/2, Uni-Gold HIV Kit, 20 Tests","HIV 1/2, Uni-Gold HIV Kit",Uni-Gold,,Test kit,20,4926,157632.0,32.0,1.6,"Trinity Biotech, Plc",Yes,2695,11898.8,252.21
86730,111-MZ-T30,FPQ-14226,SO-48884,DN-3944,Mozambique,PMO - US,From RDC,N/A - From RDC,Truck,5/2/14,N/A - From RDC,31-Dec-14,28-Oct-14,13-Nov-14,ARV,Adult,SCMS from RDC,"Tenofovir Disoproxil Fumarate 300mg, tablets, 30 Tabs",Tenofovir Disoproxil Fumarate,Generic,300mg,Tablet,30,220,831.6,3.78,0.13,Hetero Unit III Hyderabad IN,No,See DN-3944 (ID#:82733),See DN-3944 (ID#:82733),0.85
12662,104-CI-T01,Pre-PQ Process,SO-641,DN-174,Côte d'Ivoire,PMO - US,From RDC,N/A - From RDC,,Pre-PQ Process,N/A - From RDC,8-Jun-07,8-Jun-07,8-Jun-07,ARV,Adult,SCMS from RDC,"Tenofovir Disoproxil Fumarate 300mg [Viread], tablets, 30 Tabs",Tenofovir Disoproxil Fumarate,Viread,300mg,Tablet,30,621,10557.0,17.0,0.57,Gilead(Nycomed) Oranienburg DE,Yes,40,1388,
39659,102-BI-T30,FPQ-10907,SCMS-167290,ASN-17563,Burundi,PMO - US,Direct Drop,EXW,Air,11/7/12,11/21/12,4-Jan-13,4-Jan-13,4-Jan-13,HRDT,HIV test,"Orgenics, Ltd","HIV 1/2, Determine Complete HIV Kit, 100 Tests","HIV 1/2, Determine Complete HIV Kit",Determine,,Test kit,100,1472,117760.0,80.0,0.8,"Alere Medical Co., Ltd.",Yes,638,16189.94,145.67
11709,112-NG-T01,Pre-PQ Process,SO-340,DN-72,Nigeria,PMO - US,From RDC,N/A - From RDC,,Pre-PQ Process,N/A - From RDC,17-Apr-07,17-Apr-07,17-Apr-07,ARV,Pediatric,SCMS from RDC,"Lamivudine 10mg/ml, oral solution, Bottle, 240 ml",Lamivudine,Generic,10mg/ml,Oral solution,240,1200,2640.0,2.2,0.01,"Aurobindo Unit III, India",No,See DN-72 (ID#:11097),See DN-72 (ID#:11097),
25393,103-CM-T30,FPQ-10128,SCMS-151590,ASN-15819,Cameroon,PMO - US,Direct Drop,EXW,Air,6/22/12,7/16/12,17-Aug-12,17-Aug-12,17-Aug-12,HRDT,HIV test,Orasure Technologies Inc.,"HIV 1/2, OraQuick Advance HIV Rapid Antibody Kit, 100 Tests","HIV 1/2, OraQuick Advance HIV Rapid Antibody Kit",OraQuick,,Test kit,100,30,10500.0,350.0,3.5,"Pacific Biotech, Thailand",Yes,72,1765.54,14.72
85167,106-HT-T30,FPQ-6484,SO-37760,DN-2073,Haiti,PMO - US,From RDC,N/A - From RDC,Air,10/13/10,N/A - From RDC,20-Dec-10,5-Jan-11,5-Jan-11,ARV,Pediatric,SCMS from RDC,"Lamivudine 10mg/ml, oral solution w/syringe, Bottle, 240 ml",Lamivudine,Generic,10mg/ml,Oral solution,240,4810,8898.5,1.85,0.01,"Aurobindo Unit III, India",No,See DN-2073 (ID#:82362),See DN-2073 (ID#:82362),19.19
47302,105-GY-T30,FPQ-11562,SCMS-180000,ASN-18805,Guyana,PMO - US,Direct Drop,EXW,Air,2/7/13,3/6/13,18-Apr-13,18-Apr-13,18-Apr-13,ARV,Pediatric,Aurobindo Pharma Limited,"Zidovudine 100mg, capsules, 100 Caps",Zidovudine,Generic,100mg,Capsule,100,218,1002.8,4.6,0.05,"Aurobindo Unit III, India",No,See ASN-18805 (ID#:18997),See ASN-18805 (ID#:18997),1.24
77464,108-VN-T30,FPQ-13524,SCMS-226220,ASN-26923,Vietnam,PMO - US,Direct Drop,EXW,Air,2/6/14,3/10/14,29-Jul-14,29-Jul-14,6-Aug-14,ARV,Adult,HETERO LABS LIMITED,"Efavirenz/Lamivudine/Tenofovir Disoproxil Fumarate 600/300/300mg, tablets, 30 Tabs",Efavirenz/Lamivudine/Tenofovir Disoproxil Fumarate,Generic,600/300/300mg,Tablet - FDC,30,7248,76104.0,10.5,0.35,Hetero Unit III Hyderabad IN,No,See ASN-26923 (ID#:13027),See ASN-26923 (ID#:13027),78.23
61418,114-UG-T30,FPQ-9365,SCMS-142260,ASN-14701,Uganda,PMO - US,Direct Drop,FCA,Air,3/15/12,4/4/12,4-May-12,4-May-12,4-May-12,ARV,Adult,ABBVIE LOGISTICS (FORMERLY ABBOTT LOGISTICS BV),"Ritonavir 100mg [Norvir], film coated tablets, 60 Tabs",Ritonavir,Norvir,100mg,Tablet,60,625,4281.25,6.85,0.11,ABBVIE Ludwigshafen Germany,Yes,86,86,6.0
83826,103-SS-T30,FPQ-14409,SO-49130,DN-3837,South Sudan,PMO - US,From RDC,N/A - From RDC,Air,6/5/14,N/A - From RDC,19-Aug-14,17-Oct-14,21-Nov-14,ARV,Pediatric,SCMS from RDC,"Nevirapine 10mg/ml, oral suspension w/syringe, Bottle, 240 ml",Nevirapine,Generic,10mg/ml,Oral suspension,240,2125,3463.75,1.63,0.01,"Aurobindo Unit III, India",Yes,759,9664.79,3.56
83659,114-UG-T30,FPQ-11143,SO-43920,DN-3035,Uganda,PMO - US,From RDC,N/A - From RDC,Air,12/13/12,N/A - From RDC,15-Mar-13,1-Mar-13,1-Mar-13,ARV,Adult,SCMS from RDC,"Abacavir/Lamivudine 600/300mg, scored tablets, 30 Tabs",Abacavir/Lamivudine,Generic,600/300mg,Tablet - FDC,30,5009,69925.64,13.96,0.47,Mylan (formerly Matrix) Nashik,Yes,467,6637.16,86.5
83521,106-HT-T30,FPQ-6801,SO-38213,DN-2310,Haiti,PMO - US,From RDC,N/A - From RDC,Air,12/14/10,N/A - From RDC,19-Jul-11,11-Aug-11,11-Aug-11,ARV,Adult,SCMS from RDC,"Lamivudine 150mg, tablets, 60 Tabs",Lamivudine,Generic,150mg,Tablet,60,9200,21436.0,2.33,0.04,"Aurobindo Unit III, India",No,See DN-2310 (ID#:82968),See DN-2310 (ID#:82968),35.37
10741,109-TZ-T01,Pre-PQ Process,SO-2562,DN-849,Tanzania,PMO - US,From RDC,N/A - From RDC,Truck,Pre-PQ Process,N/A - From RDC,22-Aug-08,22-Aug-08,22-Aug-08,ARV,Adult,SCMS from RDC,"Lamivudine/Zidovudine 150/300mg, tablets, 60 Tabs",Lamivudine/Zidovudine,Generic,150/300mg,Tablet - FDC,60,46163,436240.35,9.45,0.16,"Aurobindo Unit III, India",Yes,4237,3482.59,697.98
21044,108-VN-T30,FPQ-12539,SCMS-199800,ASN-22999,Vietnam,PMO - US,Direct Drop,EXW,Air,7/11/13,8/2/13,23-Dec-13,23-Dec-13,23-Dec-13,ARV,Adult,MYLAN LABORATORIES LTD (FORMERLY MATRIX LABORATORIES),"Lamivudine/Zidovudine 150/300mg, tablets, 60 Tabs",Lamivudine/Zidovudine,Generic,150/300mg,Tablet - FDC,60,1652,10721.48,6.49,0.11,Mylan (formerly Matrix) Nashik,Yes,146,746.89,13.26
73239,108-VN-T30,FPQ-4265,SCMS-57140,ASN-6264,Vietnam,PMO - US,Direct Drop,EXW,Air,10/20/09,11/13/09,17-Mar-10,17-Mar-10,17-Mar-10,ARV,Adult,Aurobindo Pharma Limited,"Lamivudine/Zidovudine 150/300mg, tablets, 60 Tabs",Lamivudine/Zidovudine,Generic,150/300mg,Tablet - FDC,60,19740,169961.4,8.61,0.14,"Aurobindo Unit III, India",No,See ASN-6264 (ID#:52856),See ASN-6264 (ID#:52856),333.12
48906,116-ZA-T30,FPQ-14942,SCMS-259076,ASN-32524,South Africa,PMO - US,Direct Drop,DDP,Truck,9/11/14,6/2/15,2-Jun-15,2-Jun-15,2-Jun-15,ARV,Adult,PHARMACY DIRECT,"Emtricitabine/Tenofovir Disoproxil Fumarate 200/300mg, tablets, 30 Tabs",Emtricitabine/Tenofovir Disoproxil Fumarate,Generic,200/300mg,Tablet - FDC,30,13,283.8,21.83,0.73,"Aurobindo Unit III, India",No,Weight Captured Separately,Freight Included in Commodity Cost,0.29
84472,151-NG-T30,FPQ-14989,SO-51422,DN-4274,Nigeria,PMO - US,From RDC,N/A - From RDC,Air Charter,9/19/14,N/A - From RDC,30-Jun-15,15-May-15,22-May-15,ARV,Pediatric,SCMS from RDC,"Lamivudine/Nevirapine/Zidovudine 30/50/60mg, dispersible tablets, 60 Tabs",Lamivudine/Nevirapine/Zidovudine,Generic,30/50/60mg,Chewable/dispersible tablet - FDC,60,112000,403200.0,3.6,0.06,"Strides, Bangalore, India.",Yes,6295,16941,414.49
37997,104-CI-T30,FPQ-6998,SCMS-97570,ASN-9882,Côte d'Ivoire,PMO - US,Direct Drop,FCA,Air,1/11/11,1/21/11,15-Mar-11,15-Mar-11,15-Mar-11,ARV,Adult,ABBVIE LOGISTICS (FORMERLY ABBOTT LOGISTICS BV),"Lopinavir/Ritonavir 200/50mg [Aluvia], tablets, 120 Tabs",Lopinavir/Ritonavir,Aluvia,200/50mg,Tablet,120,20280,733324.8,36.16,0.3,ABBVIE Ludwigshafen Germany,Yes,5089,31318.31,1209.99
84245,111-MZ-T30,FPQ-11882,SO-44820,DN-3109,Mozambique,PMO - US,From RDC,N/A - From RDC,Air,3/19/13,N/A - From RDC,4-Jul-13,4-Jul-13,4-Jul-13,ARV,Adult,SCMS from RDC,"Tenofovir Disoproxil Fumarate 300mg, tablets, 30 Tabs",Tenofovir Disoproxil Fumarate,Generic,300mg,Tablet,30,1800,7272.0,4.04,0.13,Mylan (formerly Matrix) Nashik,Yes,108,832.5,9.0
66925,108-VN-T30,FPQ-6818,SCMS-98050,ASN-11023,Vietnam,PMO - US,Direct Drop,EXW,Air,1/17/11,2/15/11,22-Jun-11,22-Jun-11,22-Jun-11,ARV,Adult,MYLAN LABORATORIES LTD (FORMERLY MATRIX LABORATORIES),"Abacavir 300mg, tablets, 60 Tabs",Abacavir,Generic,300mg,Tablet,60,64,960.0,15.0,0.25,Mylan (formerly Matrix) Nashik,No,See ASN-11023 (ID#:37963),See ASN-11023 (ID#:37963),1.58
4929,110-ZM-T01,Pre-PQ Process,SCMS-37770,ASN-3676,Zambia,PMO - US,Direct Drop,EXW,Air,Pre-PQ Process,1/27/09,26-Mar-09,26-Mar-09,26-Mar-09,HRDT,HIV test,"Standard Diagnostics, Inc.","HIV 1/2, Bioline 3.0 Kit, Lancets, Capillary pipets, Alcohol swabs included, 25 Tests","HIV 1/2, Bioline 3.0 Kit, Lancets, Capillary pipets, Alcohol swabs included",Bioline,,Test kit,25,300,6000.0,20.0,0.8,"Standard Diagnostics, Korea",Yes,94,1205.43,11.76
43634,900-SS-T30,FPQ-11623,SCMS-178020,ASN-18785,South Sudan,PMO - US,Direct Drop,EXW,Air,2/8/13,2/27/13,16-May-13,16-May-13,16-May-13,HRDT,HIV test,"Trinity Biotech, Plc","HIV 1/2, Uni-Gold HIV Kit, 20 Tests","HIV 1/2, Uni-Gold HIV Kit",Uni-Gold,,Test kit,20,52,1664.0,32.0,1.6,"Trinity Biotech, Plc",Yes,24,1170.36,2.06
6837,107-RW-T01,Pre-PQ Process,SCMS-13900,ASN-990,Rwanda,PMO - US,Direct Drop,EXW,Air,Pre-PQ Process,11/12/07,28-Jan-08,28-Jan-08,28-Jan-08,ARV,Adult,ASPEN PHARMACARE,"Tenofovir Disoproxil Fumarate 300mg [Viread], tablets, 30 Tabs",Tenofovir Disoproxil Fumarate,Viread,300mg,Tablet,30,84,0.84,0.01,0.0,"Aspen-OSD, Port Elizabeth, SA",No,See ASN-990 (ID#:1502),See ASN-990 (ID#:1502),0.0
19406,108-VN-T30,FPQ-10811,SCMS-164680,ASN-18664,Vietnam,PMO - US,Direct Drop,EXW,Air,10/15/12,11/7/12,2-Apr-13,2-Apr-13,2-Apr-13,ARV,Adult,HETERO LABS LIMITED,"Zidovudine 300mg, tablets, 60 Tabs",Zidovudine,Generic,300mg,Tablet,60,1082,6221.5,5.75,0.1,Hetero Unit III Hyderabad IN,Yes,2228,3565.08,7.7
84476,151-NG-T30,FPQ-14989,SO-51427,DN-4290,Nigeria,PMO - US,From RDC,N/A - From RDC,Air Charter,9/19/14,N/A - From RDC,30-Jun-15,2-Jun-15,17-Jun-15,ARV,Adult,SCMS from RDC,"Lamivudine/Nevirapine/Zidovudine 150/200/300mg, tablets, 60 Tabs",Lamivudine/Nevirapine/Zidovudine,Generic,150/300/200mg,Tablet - FDC,60,46695,360485.4,7.72,0.13,"Hetero, Jadcherla, unit 5, IN",No,See DN-4290 (ID#:83340),See DN-4290 (ID#:83340),370.58
12453,117-ET-T01,Pre-PQ Process,SO-1522,DN-519,Ethiopia,PMO - US,From RDC,N/A - From RDC,Air,Pre-PQ Process,N/A - From RDC,31-Jan-08,31-Jan-08,31-Jan-08,ARV,Adult,SCMS from RDC,"Efavirenz 600mg, tablets, 30 Tabs",Efavirenz,Generic,600mg,Tablet,30,67624,839890.08,12.42,0.41,"Aurobindo Unit III, India",Yes,5840,20222.4,1343.82
10963,106-HT-T01,Pre-PQ Process,SO-2042,DN-682,Haiti,PMO - US,From RDC,N/A - From RDC,Air,Pre-PQ Process,N/A - From RDC,21-Mar-08,21-Mar-08,21-Mar-08,ARV,Pediatric,SCMS from RDC,"Abacavir 20mg/ml, oral solution, Bottle, 240 ml",Abacavir,Generic,20mg/ml,Oral solution,240,160,2640.0,16.5,0.07,"Aurobindo Unit III, India",Yes,938,11340.2,4.22
35043,108-VN-T30,FPQ-14516,SCMS-251680,ASN-29385,Vietnam,PMO - US,Direct Drop,EXW,Air,7/9/14,8/11/14,24-Dec-14,13-Dec-14,13-Dec-14,ARV,Adult,HETERO LABS LIMITED,"Efavirenz/Lamivudine/Tenofovir Disoproxil Fumarate 600/300/300mg, tablets, 30 Tabs",Efavirenz/Lamivudine/Tenofovir Disoproxil Fumarate,Generic,600/300/300mg,Tablet - FDC,30,18880,198240.0,10.5,0.35,Hetero Unit III Hyderabad IN,Yes,2452,3691.22,203.79
11608,117-ET-T01,Pre-PQ Process,SO-22020,DN-1052,Ethiopia,PMO - US,From RDC,N/A - From RDC,Air,Pre-PQ Process,N/A - From RDC,3-Mar-09,3-Mar-09,3-Mar-09,ARV,Adult,SCMS from RDC,"Tenofovir Disoproxil Fumarate 300mg, tablets, 30 Tabs",Tenofovir Disoproxil Fumarate,Generic,300mg,Tablet,30,7000,92960.0,13.28,0.44,Mylan (formerly Matrix) Nashik,No,See DN-1052 (ID#:10737),See DN-1052 (ID#:10737),182.2
83952,112-NG-T30,FPQ-4040,SO-32980,DN-1456,Nigeria,PMO - US,From RDC,N/A - From RDC,Air Charter,7/29/09,N/A - From RDC,15-Oct-09,20-Oct-09,20-Oct-09,ARV,Adult,SCMS from RDC,"Lamivudine 150mg, tablets, 60 Tabs",Lamivudine,Generic,150mg,Tablet,60,5500,13420.0,2.44,0.04,Mylan (formerly Matrix) Nashik,Yes,836,9341.49,26.3
83504,151-NG-T30,FPQ-7217,SO-39580,DN-2213,Nigeria,PMO - US,From RDC,N/A - From RDC,Air Charter,2/21/11,N/A - From RDC,15-Jun-11,6-Jul-11,6-Jul-11,ARV,Adult,SCMS from RDC,"Lamivudine/Zidovudine 150/300mg, tablets, 60 Tabs",Lamivudine/Zidovudine,Generic,150/300mg,Tablet - FDC,60,30091,248551.66,8.26,0.14,"Aurobindo Unit III, India",No,See DN-2213 (ID#:82952),See DN-2213 (ID#:82952),410.11
1798,108-VN-T01,Pre-PQ Process,SCMS-23470,ASN-2244,Vietnam,PMO - US,Direct Drop,EXW,Air,Pre-PQ Process,5/13/08,19-Aug-08,19-Aug-08,19-Aug-08,ARV,Adult,STRIDES ARCOLAB LIMITED,"Stavudine 30mg, capsules, 60 Caps",Stavudine,Generic,30mg,Capsule,60,10780,15631.0,1.45,0.02,"Strides, Bangalore, India.",Yes,502,7575.6,25.01
85639,114-UG-T30,FPQ-4470,SO-34010,DN-1548,Uganda,PMO - US,From RDC,N/A - From RDC,Air,8/17/09,N/A - From RDC,30-Nov-09,2-Dec-09,2-Dec-09,ARV,Adult,SCMS from RDC,"Nevirapine 200mg, tablets, 60 Tabs",Nevirapine,Generic,200mg,Tablet,60,2000,5800.0,2.9,0.05,"Aurobindo Unit III, India",No,See DN-1548 (ID#:85076),See DN-1548 (ID#:85076),11.37
4333,119-NA-T01,Pre-PQ Process,SCMS-19130,ASN-1787,Namibia,PMO - US,Direct Drop,EXW,Air,Pre-PQ Process,3/18/08,4-Jun-08,4-Jun-08,4-Jun-08,HRDT,HIV test - Ancillary,"Orgenics, Ltd","HIV, Lancet, Safety, for HIV Test kits, 100 Pcs","HIV, Lancet, Safety, for HIV Test kits, 100 Pcs",Generic,,Test kit - Ancillary,100,142,1.42,0.01,0.0,Inverness Japan,Yes,Weight Captured Separately,Invoiced Separately,0.0
33232,114-UG-T30,FPQ-13696,SCMS-231380,ASN-26594,Uganda,PMO - US,Direct Drop,EXW,Air,2/19/14,3/21/14,26-Jun-14,26-Jun-14,27-Jun-14,ARV,Adult,MYLAN LABORATORIES LTD (FORMERLY MATRIX LABORATORIES),"Atazanavir/Ritonavir 300/100mg, tablets, 30 Tabs",Atazanavir/Ritonavir,Generic,300/100mg,Tablet,30,1801,36020.0,20.0,0.67,Mylan (formerly Matrix) Nashik,Yes,225,1726.75,37.03
85812,111-MZ-T30,FPQ-8157,SO-40350,DN-2481,Mozambique,PMO - US,From RDC,N/A - From RDC,Truck,8/4/11,N/A - From RDC,29-Feb-12,22-Feb-12,22-Feb-12,ARV,Adult,SCMS from RDC,"Lamivudine/Nevirapine/Zidovudine 150/200/300mg, tablets, 60 Tabs",Lamivudine/Nevirapine/Zidovudine,Generic,150/300/200mg,Tablet - FDC,60,250000,2805000.0,11.22,0.19,Mylan (formerly Matrix) Nashik,Yes,32538,20179.39,4628.25
22817,107-RW-T30,FPQ-4854,SCMS-63650,ASN-6167,Rwanda,PMO - US,Direct Drop,FCA,Air,1/6/10,1/20/10,3-Mar-10,3-Mar-10,3-Mar-10,ARV,Adult,Hoffmann-La Roche ltd Basel,"Nelfinavir (as mesilate) 250mg [Viracept], tablets, 270 Tabs",Nelfinavir (as mesilate),Viracept,250mg,Tablet,270,40,5037.72,125.94,0.47,Roche Madrid,Yes,11,1049.3,10.86
85461,109-TZ-T30,FPQ-12587,SO-48290,DN-3646,Tanzania,PMO - US,From RDC,N/A - From RDC,Truck,7/4/13,N/A - From RDC,15-Sep-14,25-Sep-14,7-Nov-14,ARV,Adult,SCMS from RDC,"Emtricitabine/Tenofovir Disoproxil Fumarate 200/300mg, tablets, 30 Tabs",Emtricitabine/Tenofovir Disoproxil Fumarate,Generic,200/300mg,Tablet - FDC,30,1542,8851.08,5.74,0.19,"Aurobindo Unit III, India",Yes,9400,2317.16,10.95
22328,161-ZA-T30,FPQ-6262,SCMS-83730,ASN-10249,South Africa,PMO - US,Direct Drop,DDP,Ocean,8/31/10,9/24/10,3-May-11,3-May-11,3-May-11,ARV,Pediatric,Aurobindo Pharma Limited,"Efavirenz 200mg, capsule, 90 Caps",Efavirenz,Generic,200mg,Capsule,90,22643,225977.14,9.98,0.11,"Aurobindo Unit III, India",Yes,3000,4573.21,487.21
85920,111-MZ-T30,FPQ-10211,SO-42870,DN-2966,Mozambique,PMO - US,From RDC,N/A - From RDC,Truck,6/28/12,N/A - From RDC,31-Jan-13,11-Jan-13,11-Jan-13,ARV,Adult,SCMS from RDC,"Lamivudine/Nevirapine/Zidovudine 150/200/300mg, tablets, 60 Tabs",Lamivudine/Nevirapine/Zidovudine,Generic,150/300/200mg,Tablet - FDC,60,67271,647147.02,9.62,0.16,"Aurobindo Unit III, India",Yes,7899,7433.01,907.3
67526,116-ZA-T30,FPQ-14942,SCMS-295800,ASN-33865,South Africa,PMO - US,Direct Drop,DDP,Truck,9/11/14,8/24/15,24-Aug-15,24-Aug-15,24-Aug-15,ARV,Adult,PHARMACY DIRECT,"Zidovudine 300mg, tablets, 60 Tabs",Zidovudine,Generic,300mg,Tablet,60,14,270.58,19.33,0.32,"Aurobindo Unit III, India",No,Weight Captured Separately,Freight Included in Commodity Cost,0.28
70162,113-ZW-T30,FPQ-4483,SCMS-56170,ASN-5501,Zimbabwe,PMO - US,Direct Drop,EXW,Air,10/27/09,10/29/09,4-Jan-10,4-Jan-10,4-Jan-10,HRDT,HIV test,"Standard Diagnostics, Inc.","HIV 1/2, Bioline 3.0 Kit, Lancets, Capillary pipets, Alcohol swabs included, 25 Tests","HIV 1/2, Bioline 3.0 Kit, Lancets, Capillary pipets, Alcohol swabs included",Bioline,,Test kit,25,5080,101600.0,20.0,0.8,"Standard Diagnostics, Korea",Yes,1694,12127.58,219.05
84562,104-CI-T30,FPQ-4659,SO-35600,DN-1825,Côte d'Ivoire,PMO - US,From RDC,N/A - From RDC,Air,12/8/09,N/A - From RDC,31-May-10,20-May-10,20-May-10,ARV,Pediatric,SCMS from RDC,"Stavudine 1mg/ml, powder for oral solution, 200 ml",Stavudine,Generic,1mg/ml,Oral solution,200,4550,6370.0,1.4,0.01,"Aurobindo Unit III, India",No,See DN-1825 (ID#:82884),See DN-1825 (ID#:82884),13.73
85447,105-GH-T30,FPQ-13609,SO-47940,DN-3576,Ghana,PMO - US,From RDC,N/A - From RDC,Truck,2/19/14,N/A - From RDC,20-Mar-14,14-Mar-14,25-Apr-14,ARV,Adult,SCMS from RDC,"Efavirenz/Lamivudine/Tenofovir Disoproxil Fumarate 600/300/300mg, tablets, 30 Tabs",Efavirenz/Lamivudine/Tenofovir Disoproxil Fumarate,Generic,600/300/300mg,Tablet - FDC,30,47158,512607.46,10.87,0.36,Mylan (formerly Matrix) Nashik,No,See DN-3576 (ID#:83216),See DN-3576 (ID#:83216),526.96
80040,108-VN-T30,FPQ-3896,SCMS-48270,ASN-5131,Vietnam,PMO - US,Direct Drop,EXW,Air,6/25/09,6/26/09,26-Oct-09,26-Oct-09,26-Oct-09,ARV,Adult,Aurobindo Pharma Limited,"Lamivudine 150mg, tablets, 60 Tabs",Lamivudine,Generic,150mg,Tablet,60,27480,65952.0,2.4,0.04,"Aurobindo Unit III, India",No,See ASN-5131 (ID#:25886),See ASN-5131 (ID#:25886),129.27
67199,161-ZA-T30,FPQ-6262,SCMS-83830,ASN-8903,South Africa,PMO - US,Direct Drop,DDP,Ocean,8/31/10,9/24/10,6-Jan-11,6-Jan-11,6-Jan-11,ARV,Pediatric,Aurobindo Pharma Limited,"Nevirapine 10mg/ml, oral suspension w/syringe, Bottle, 240 ml",Nevirapine,Generic,10mg/ml,Oral suspension,240,35000,74200.0,2.12,0.01,"Aurobindo Unit III, India",Yes,12974,11138.89,159.98
86685,151-NG-T30,FPQ-13293,SO-47284,DN-3719,Nigeria,PMO - US,From RDC,N/A - From RDC,Air Charter,11/19/13,N/A - From RDC,30-Jun-14,9-May-14,23-May-14,ARV,Pediatric,SCMS from RDC,"Lamivudine/Nevirapine/Zidovudine 30/50/60mg, dispersible tablets, 60 Tabs",Lamivudine/Nevirapine/Zidovudine,Generic,30/50/60mg,Chewable/dispersible tablet - FDC,60,11820,44325.0,3.75,0.06,"Strides, Bangalore, India.",No,See DN-3719 (ID#:85477),See DN-3719 (ID#:85477),45.57
858,109-TZ-T01,Pre-PQ Process,SCMS-34680,ASN-3332,Tanzania,PMO - US,Direct Drop,CIP,Air,Pre-PQ Process,12/19/08,21-Apr-09,21-Apr-09,21-Apr-09,ARV,Adult,MERCK SHARP & DOHME IDEA GMBH (FORMALLY MERCK SHARP & DOHME B.V.),"Efavirenz/Emtricitabine/Tenofovir Disoproxil Fumarate 600/200/300mg [Atripla], tablets, 30 Tabs",Efavirenz/Emtricitabine/Tenofovir Disoproxil Fumarate,Atripla,600/200/300mg,Tablet - FDC,30,50000,2520000.0,50.4,1.68,"MSD, Haarlem, NL",Yes,4093,9339,4939.2
41099,161-ZA-T30,FPQ-5303,SCMS-68740,ASN-8174,South Africa,PMO - US,Direct Drop,DDP,Air,3/18/10,3/19/10,1-Sep-10,11-Oct-10,11-Oct-10,ARV,Adult,CIPLA LIMITED,"Tenofovir Disoproxil Fumarate 300mg, tablets, 30 Tabs",Tenofovir Disoproxil Fumarate,Generic,300mg,Tablet,30,83238,650921.16,7.82,0.26,"Cipla, Goa, India",Yes,5663,5298.02,1403.39
63228,116-ZA-T30,FPQ-13973,SCMS-238550,ASN-30792,South Africa,PMO - US,Direct Drop,DDP,Truck,4/30/14,5/8/14,19-Feb-15,19-Feb-15,19-Feb-15,ARV,Adult,PHARMACY DIRECT,"Zidovudine 300mg, tablets, 60 Tabs",Zidovudine,Generic,300mg,Tablet,60,3,74.86,24.95,0.42,"Aurobindo Unit III, India",No,Weight Captured Separately,Freight Included in Commodity Cost,0.08
83531,109-TZ-T30,FPQ-6713,SO-38171,DN-2345,Tanzania,PMO - US,From RDC,N/A - From RDC,Truck,12/2/10,N/A - From RDC,3-Oct-11,16-Sep-11,16-Sep-11,ARV,Adult,SCMS from RDC,"Efavirenz/Emtricitabine/Tenofovir Disoproxil Fumarate 600/200/300mg, tablets, 30 Tabs",Efavirenz/Emtricitabine/Tenofovir Disoproxil Fumarate,Generic,600/200/300mg,Tablet - FDC,30,68235,1359241.2,19.92,0.66,Mylan (formerly Matrix) Nashik,Yes,Weight Captured Separately,Invoiced Separately,2242.75
1673,116-ZA-T01,Pre-PQ Process,SCMS-19800,ASN-1665,South Africa,PMO - US,Direct Drop,DDP,Truck,Pre-PQ Process,2/20/08,24-Apr-08,24-Apr-08,24-Apr-08,ARV,Adult,S. BUYS WHOLESALER,"Lopinavir/Ritonavir 133.3/33.3mg [Kaletra], capsules, cool, 2 x 90 Caps",Lopinavir/Ritonavir,Kaletra,133.3/33.3mg,Capsule,180,400,15760.0,39.4,0.22,ABBVIE (Abbott) Logis. UK,No,Weight Captured Separately,Freight Included in Commodity Cost,25.22
82941,110-ZM-T30,FPQ-6221,SO-37950,DN-2125,Zambia,PMO - US,From RDC,N/A - From RDC,Truck,8/20/10,N/A - From RDC,31-Mar-11,5-Apr-11,5-Apr-11,ARV,Adult,SCMS from RDC,"Lamivudine/Zidovudine 150/300mg, tablets, 60 Tabs",Lamivudine/Zidovudine,Generic,150/300mg,Tablet - FDC,60,25000,213750.0,8.55,0.14,"Aurobindo Unit III, India",Yes,2565,4471.07,460.84
43906,116-ZA-T30,FPQ-13973,SCMS-238556,ASN-31854,South Africa,PMO - US,Direct Drop,DDP,Truck,4/30/14,4/28/15,28-Apr-15,28-Apr-15,28-Apr-15,ARV,Pediatric,PHARMACY DIRECT,"Abacavir 20mg/ml, oral solution, Bottle, 240 ml",Abacavir,Generic,20mg/ml,Oral solution,240,16,392.16,24.51,0.1,"Aurobindo Unit III, India",No,Weight Captured Separately,Freight Included in Commodity Cost,0.4
86265,104-CI-T30,FPQ-4659,SO-35810,DN-1641,Côte d'Ivoire,PMO - US,From RDC,N/A - From RDC,Air,12/8/09,N/A - From RDC,10-May-10,15-Feb-10,15-Feb-10,ARV,Adult,SCMS from RDC,"Nevirapine 200mg, tablets, 60 Tabs",Nevirapine,Generic,200mg,Tablet,60,4149,11326.77,2.73,0.05,"Aurobindo Unit III, India",Yes,394,1083.3,24.42
10934,100-ZW-T01,Pre-PQ Process,SO-708,DN-479,Zimbabwe,PMO - US,From RDC,N/A - From RDC,Air,Pre-PQ Process,N/A - From RDC,5-Feb-08,5-Feb-08,5-Feb-08,ARV,Adult,SCMS from RDC,"Lamivudine/Stavudine 150/30mg, tablets, 30 Tabs",Lamivudine/Stavudine,Generic,150/30mg,Tablet - FDC,30,1600,3200.0,2.0,0.07,"Cipla, Goa, India",No,See DN-479 (ID#:10647),See DN-479 (ID#:10647),5.12
2463,107-RW-T01,Pre-PQ Process,SCMS-30312,ASN-3851,Rwanda,PMO - US,Direct Drop,CIP,Air,Pre-PQ Process,10/21/08,20-Apr-09,20-Apr-09,20-Apr-09,ARV,Adult,CIPLA LIMITED,"Lamivudine/Zidovudine 150/300mg, tablets, 60 Tabs",Lamivudine/Zidovudine,Generic,150/300mg,Tablet - FDC,60,7840,71344.0,9.1,0.15,"Cipla, Goa, India",Yes,719,853.88,139.83
69871,108-VN-T30,FPQ-7427,SCMS-105540,ASN-11855,Vietnam,PMO - US,Direct Drop,EXW,Air,3/31/11,4/14/11,21-Sep-11,21-Sep-11,21-Sep-11,ARV,Adult,HETERO LABS LIMITED,"Lamivudine/Nevirapine/Stavudine 150/200/30mg, tablets, 60 Tabs",Lamivudine/Nevirapine/Stavudine,Generic,150/200/30mg,Tablet - FDC,60,22925,110040.0,4.8,0.08,Hetero Unit III Hyderabad IN,Yes,3723,19056.13,181.57
12145,111-MZ-T01,Pre-PQ Process,SO-1039,DN-601,Mozambique,PMO - US,From RDC,N/A - From RDC,Air,Pre-PQ Process,N/A - From RDC,8-Apr-08,5-Apr-08,5-Apr-08,ARV,Adult,SCMS from RDC,"Ritonavir 100mg [Norvir], capsules, cool, 84 Caps",Ritonavir,Norvir,100mg,Capsule,84,760,7288.4,9.59,0.11,ABBVIE (Abbott) Logis. UK,No,See DN-601 (ID#:10651),See DN-601 (ID#:10651),11.66
86302,106-HT-T30,FPQ-4384,SO-36190,DN-1812,Haiti,PMO - US,From RDC,N/A - From RDC,Air,10/23/09,N/A - From RDC,17-May-10,19-May-10,19-May-10,ARV,Adult,SCMS from RDC,"Nevirapine 200mg, tablets, 60 Tabs",Nevirapine,Generic,200mg,Tablet,60,26400,70224.0,2.66,0.04,"Strides, Bangalore, India.",Yes,1456,25493.03,151.4
82385,105-GY-T30,FPQ-7621,SO-39720,DN-2231,Guyana,PMO - US,From RDC,N/A - From RDC,Air,5/4/11,N/A - From RDC,27-Oct-11,15-Jun-11,15-Jun-11,ARV,Pediatric,SCMS from RDC,"Zidovudine 100mg, capsules, 100 Caps",Zidovudine,Generic,100mg,Capsule,100,1043,4964.68,4.76,0.05,"Aurobindo Unit III, India",Yes,332,4398.32,8.19
83822,105-GY-T30,FPQ-14042,SO-48510,DN-3817,Guyana,PMO - US,From RDC,N/A - From RDC,Air,4/9/14,N/A - From RDC,30-Sep-14,29-Aug-14,8-Sep-14,ARV,Pediatric,SCMS from RDC,"Nevirapine 10mg/ml, oral suspension w/syringe, Bottle, 240 ml",Nevirapine,Generic,10mg/ml,Oral suspension,240,129,210.27,1.63,0.01,"Aurobindo Unit III, India",Yes,253,3519.7,0.22
15788,105-SS-T30,FPQ-15569,SCMS-272170,ASN-31958,South Sudan,PMO - US,Direct Drop,EXW,Air,12/29/14,2/20/15,2-Jul-15,2-Jul-15,3-Jul-15,HRDT,HIV test - Ancillary,"Orgenics, Ltd","Chase Buffer, Determine, 100 Tests, 2.5ml x 1 Vial","Chase Buffer, Determine, 100 Tests, 2.5ml x 1 Vial",Determine,,Test kit - Ancillary,1,45,225.0,5.0,5.0,"Alere Medical Co., Ltd.",Yes,Weight Captured Separately,Invoiced Separately,0.26
6561,116-ZA-T01,Pre-PQ Process,SCMS-46970,ASN-4822,South Africa,PMO - US,Direct Drop,DDP,Truck,Pre-PQ Process,6/5/09,28-Jul-09,5-Aug-09,5-Aug-09,ARV,Pediatric,S. BUYS WHOLESALER,"Lopinavir/Ritonavir 80/20mg/ml [Kaletra], oral solution, cool, Bottle 5 x 60 ml",Lopinavir/Ritonavir,Kaletra,80/20mg/ml,Oral solution,300,50,2099.0,41.98,0.14,ABBVIE (Abbott) Logis. UK,Yes,Weight Captured Separately,Freight Included in Commodity Cost,4.11
83748,111-MZ-T30,FPQ-12573,SO-46170,DN-3554,Mozambique,PMO - US,From RDC,N/A - From RDC,Truck,6/28/13,N/A - From RDC,31-Mar-14,28-Mar-14,4-Apr-14,ARV,Adult,SCMS from RDC,"Abacavir/Lamivudine 600/300mg, scored tablets, 30 Tabs",Abacavir/Lamivudine,Generic,600/300mg,Tablet - FDC,30,4837,65396.24,13.52,0.45,Mylan (formerly Matrix) Nashik,Yes,1102,8406.81,80.9
10683,106-HT-T01,Pre-PQ Process,SO-2056,DN-743,Haiti,PMO - US,From RDC,N/A - From RDC,Air,Pre-PQ Process,N/A - From RDC,27-May-08,27-May-08,27-May-08,ARV,Pediatric,SCMS from RDC,"Nevirapine 10mg/ml, oral suspension, Bottle, 240 ml",Nevirapine,Generic,10mg/ml,Oral suspension,240,5056,9707.52,1.92,0.01,"Aurobindo Unit III, India",Yes,2166,22956,15.53
12313,104-CI-T01,Pre-PQ Process,SO-32210,DN-1401,Côte d'Ivoire,PMO - US,From RDC,N/A - From RDC,Air,Date Not Captured,N/A - From RDC,8-Sep-09,8-Sep-09,8-Sep-09,ARV,Adult,SCMS from RDC,"Lamivudine/Nevirapine/Zidovudine 150/200/300mg, tablets, 60 Tabs",Lamivudine/Nevirapine/Zidovudine,Generic,150/300/200mg,Tablet - FDC,60,28170,319729.5,11.35,0.19,"Aurobindo Unit III, India",No,See DN-1401 (ID#:10793),See DN-1401 (ID#:10793),626.67
82523,104-CI-T30,FPQ-9749,SO-42371,DN-2894,Côte d'Ivoire,PMO - US,From RDC,N/A - From RDC,Truck,4/19/12,N/A - From RDC,15-Dec-12,24-Oct-12,24-Oct-12,ARV,Pediatric,SCMS from RDC,"Efavirenz 200mg, scored tablets, 90 Tabs",Efavirenz,Generic,200mg,Tablet,90,4120,30076.0,7.3,0.08,"Strides, Bangalore, India.",Yes,253,4261.03,42.17
75703,109-TZ-T30,FPQ-13945,SCMS-235390,ASN-29855,Tanzania,PMO - US,Direct Drop,EXW,Air,3/27/14,5/6/14,23-Feb-15,23-Feb-15,24-Feb-15,HRDT,HIV test,"Trinity Biotech, Plc","HIV 1/2, Uni-Gold HIV Kit, 20 Tests","HIV 1/2, Uni-Gold HIV Kit",Uni-Gold,,Test kit,20,168,5376.0,32.0,1.6,"Trinity Biotech, Plc",Yes,55,1112.11,5.53
58485,116-ZA-T30,FPQ-4770,SCMS-60190,ASN-5907,South Africa,PMO - US,Direct Drop,DDP,Truck,12/17/09,12/23/09,29-Dec-09,29-Dec-09,29-Dec-09,ARV,Adult,S. BUYS WHOLESALER,"Ritonavir 100mg [Norvir], capsules, cool, 84 Caps",Ritonavir,Norvir,100mg,Capsule,84,15,161.34,10.76,0.13,ABBVIE (Abbott) Logis. UK,Yes,Weight Captured Separately,Freight Included in Commodity Cost,0.35
76459,161-ZA-T30,FPQ-6262,SCMS-83770,ASN-10253,South Africa,PMO - US,Direct Drop,DDP,Ocean,8/31/10,9/24/10,26-Apr-11,26-May-11,26-May-11,ARV,Adult,Aurobindo Pharma Limited,"Efavirenz 600mg, tablets, 30 Tabs",Efavirenz,Generic,600mg,Tablet,30,96721,438146.13,4.53,0.15,"Aurobindo Unit III, India",Yes,Weight Captured Separately,Freight Included in Commodity Cost,944.64
10967,102-KE-T01,Pre-PQ Process,SO-1390,DN-667,Kenya,PMO - US,From RDC,N/A - From RDC,Truck,Pre-PQ Process,N/A - From RDC,26-Mar-08,26-Mar-08,26-Mar-08,HRDT,HIV test - Ancillary,SCMS from RDC,"HIV, Lancet, Safety, for HIV Test kits, 100 Pcs","HIV, Lancet, Safety, for HIV Test kits, 100 Pcs",Generic,,Test kit - Ancillary,100,240,1200.0,5.0,0.05,Inverness Japan,Yes,751,190.06,1.92
74364,116-ZA-T30,FPQ-11828,SCMS-183950,ASN-19166,South Africa,South Africa Field Office,Direct Drop,DDP,Truck,3/18/13,Date Not Captured,16-Apr-13,16-Apr-13,16-Apr-13,ARV,Pediatric,S. BUYS WHOLESALER,"Efavirenz 50mg, capsule, 30 Caps",Efavirenz,Generic,50mg,Capsule,30,2146,6526.5,3.04,0.1,"Aurobindo Unit III, India",No,Weight Captured Separately,Freight Included in Commodity Cost,8.07
15772,108-VN-T30,FPQ-8428,SCMS-123520,ASN-13475,Vietnam,PMO - US,Direct Drop,EXW,Air,9/21/11,10/4/11,1-Mar-12,1-Mar-12,1-Mar-12,ARV,Adult,Aurobindo Pharma Limited,"Lamivudine/Nevirapine/Zidovudine 150/200/300mg, tablets, 60 Tabs",Lamivudine/Nevirapine/Zidovudine,Generic,150/300/200mg,Tablet - FDC,60,30000,313500.0,10.45,0.17,"Aurobindo Unit III, India",Yes,10210,17392.05,517.28
82938,111-MZ-T30,FPQ-6981,SO-38370,DN-2119,Mozambique,PMO - US,From RDC,N/A - From RDC,Truck,1/6/11,N/A - From RDC,31-Mar-11,30-Mar-11,30-Mar-11,ARV,Pediatric,SCMS from RDC,"Zidovudine 10mg/ml, oral solution w/syringe, Bottle, 240 ml",Zidovudine,Generic,10mg/ml,Oral solution,240,2823,5928.3,2.1,0.01,"Aurobindo Unit III, India",Yes,1098,3567.53,9.78
6884,106-HT-T01,Pre-PQ Process,SCMS-15590,ASN-1328,Haiti,PMO - US,Direct Drop,EXW,Air,Pre-PQ Process,2/4/08,18-Feb-08,18-Feb-08,18-Feb-08,HRDT,HIV test,"Trinity Biotech, Plc","HIV 1/2, Capillus HIV Kit, 100 Tests","HIV 1/2, Capillus HIV Kit",Capillus,,Test kit,100,8,1112.0,139.0,1.39,"Trinity Biotech, Plc",Yes,6,3238.79,1.78
33522,104-CI-T30,FPQ-9874,SCMS-147590,ASN-17853,Côte d'Ivoire,PMO - US,Direct Drop,EXW,Air,5/11/12,6/13/12,6-Feb-13,6-Feb-13,6-Feb-13,HRDT,HIV test,"Orgenics, Ltd","HIV 1/2, Determine Complete HIV Kit, 100 Tests","HIV 1/2, Determine Complete HIV Kit",Determine,,Test kit,100,2400,192000.0,80.0,0.8,"Alere Medical Co., Ltd.",Yes,1043,20882.95,269.18
70508,161-ZA-T30,FPQ-5648,SCMS-75990,ASN-8902,South Africa,PMO - US,Direct Drop,DDP,Ocean,6/2/10,6/17/10,12-Jan-11,6-Jan-11,6-Jan-11,ARV,Adult,Aurobindo Pharma Limited,"Tenofovir Disoproxil Fumarate 300mg, tablets, 30 Tabs",Tenofovir Disoproxil Fumarate,Generic,300mg,Tablet,30,80381,555432.71,6.91,0.23,"Aurobindo Unit III, India",Yes,7503,6147.08,1197.51
12224,132-NG-T01,Pre-PQ Process,SO-2707,DN-921,Nigeria,PMO - US,From RDC,N/A - From RDC,Air,Pre-PQ Process,N/A - From RDC,28-Sep-08,28-Sep-08,28-Sep-08,ARV,Adult,SCMS from RDC,"Emtricitabine/Tenofovir Disoproxil Fumarate 200/300mg [Truvada], tablets, 30 Tabs",Emtricitabine/Tenofovir Disoproxil Fumarate,Truvada,300/200mg,Tablet - FDC,30,45000,1181250.0,26.25,0.88,"Aspen-OSD, Port Elizabeth, SA",No,See DN-921 (ID#:11917),See DN-921 (ID#:11917),1890.0
12408,110-ZM-T01,Pre-PQ Process,SO-1066,DN-368,Zambia,PMO - US,From RDC,N/A - From RDC,,Pre-PQ Process,N/A - From RDC,2-Oct-07,2-Oct-07,2-Oct-07,ARV,Pediatric,SCMS from RDC,"Efavirenz 200mg, capsule, 90 Caps",Efavirenz,Generic,200mg,Capsule,90,604,9664.0,16.0,0.18,"Aurobindo Unit III, India",Yes,72,723.59,15.46
85768,111-MZ-T30,FPQ-7053,SO-39820,DN-2242,Mozambique,PMO - US,From RDC,N/A - From RDC,Truck,1/24/11,N/A - From RDC,10-Aug-11,4-Aug-11,4-Aug-11,ARV,Pediatric,SCMS from RDC,"Nevirapine 10mg/ml, oral suspension, Bottle, 240 ml",Nevirapine,Generic,10mg/ml,Oral suspension,240,24496,44092.8,1.8,0.01,"Aurobindo Unit III, India",No,See DN-2242 (ID#:84654),See DN-2242 (ID#:84654),72.75
11269,114-UG-T01,Pre-PQ Process,SO-2343,DN-816,Uganda,PMO - US,From RDC,N/A - From RDC,Air,Pre-PQ Process,N/A - From RDC,21-Aug-08,21-Aug-08,21-Aug-08,ARV,Adult,SCMS from RDC,"Lamivudine/Nevirapine/Stavudine 150/200/30mg, tablets, 60 Tabs",Lamivudine/Nevirapine/Stavudine,Generic,150/200/30mg,Tablet - FDC,60,2700,19980.0,7.4,0.12,"Strides, Bangalore, India.",Yes,199,1476.8,31.97
19851,114-UG-T30,FPQ-12777,SCMS-202560,ASN-22984,Uganda,PMO - US,Direct Drop,EXW,Air,8/5/13,8/9/13,10-Dec-13,12-Dec-13,13-Dec-13,ARV,Pediatric,Aurobindo Pharma Limited,"Nevirapine 10mg/ml, oral suspension w/syringe, Bottle, 100 ml",Nevirapine,Generic,10mg/ml,Oral suspension,100,11310,14703.0,1.3,0.01,"Aurobindo Unit III, India",Yes,2454,10898.12,18.19
11223,106-HT-T01,Pre-PQ Process,SO-1287,DN-614,Haiti,PMO - US,From RDC,N/A - From RDC,Air,Pre-PQ Process,N/A - From RDC,4-Mar-08,21-Feb-08,21-Feb-08,ARV,Adult,SCMS from RDC,"Stavudine 15mg, capsules, 60 Caps",Stavudine,Generic,15mg,Capsule,60,120,180.0,1.5,0.02,"Aurobindo Unit III, India",No,See DN-614 (ID#:11219),See DN-614 (ID#:11219),0.29
83100,109-TZ-T30,FPQ-10545,SO-43111,DN-2972,Tanzania,PMO - US,From RDC,N/A - From RDC,Truck,8/24/12,N/A - From RDC,28-Feb-13,26-Feb-12,26-Feb-13,ARV,Pediatric,SCMS from RDC,"Efavirenz 200mg, scored tablets, 90 Tabs",Efavirenz,Generic,200mg,Tablet,90,5765,42084.5,7.3,0.08,"Strides, Bangalore, India.",Yes,350,2266,59.0
46669,133-NG-T30,FPQ-8117,SCMS-118180,ASN-12397,Nigeria,PMO - US,Direct Drop,EXW,Air,7/28/11,8/12/11,19-Oct-11,19-Oct-11,19-Oct-11,HRDT,HIV test,"CHEMBIO DIAGNOSTIC SYSTEMS, INC.","HIV 1/2, Stat-Pak HIV, Kit, 20 Tests","HIV 1/2, Stat-Pak HIV, Kit",Stat-Pak,,Test kit,20,1850,53650.0,29.0,1.45,Chembio Diagnostics Sys. Inc.,Yes,592,2951.78,88.52
56310,116-ZA-T30,FPQ-13214,SCMS-215410,ASN-23875,South Africa,PMO - US,Direct Drop,DDP,Truck,11/14/13,12/2/13,13-Jan-14,13-Jan-14,13-Jan-14,ARV,Pediatric,S. BUYS WHOLESALER,"Lamivudine 10mg/ml, oral solution w/syringe, Bottle, 240 ml",Lamivudine,Generic,10mg/ml,Oral solution,240,4,26.78,6.7,0.03,"Aurobindo Unit III, India",No,Weight Captured Separately,Freight Included in Commodity Cost,0.03
55253,161-ZA-T30,FPQ-5303,SCMS-68981,ASN-8442,South Africa,PMO - US,Direct Drop,DDP,Air,3/18/10,3/19/10,8-Dec-10,8-Dec-10,8-Dec-10,ARV,Adult,Aurobindo Pharma Limited,"Nevirapine 200mg, tablets, 60 Tabs",Nevirapine,Generic,200mg,Tablet,60,26400,77088.0,2.92,0.05,"Aurobindo Unit III, India",Yes,3113,5159.33,166.2
13568,116-ZA-T30,FPQ-14942,SCMS-259074,ASN-31070,South Africa,PMO - US,Direct Drop,DDP,Truck,9/11/14,3/9/15,9-Mar-15,9-Mar-15,9-Mar-15,ARV,Adult,PHARMACY DIRECT,"Efavirenz 600mg, tablets, 30 Tabs",Efavirenz,Generic,600mg,Tablet,30,139,1566.38,11.27,0.38,"Aurobindo Unit III, India",Yes,Weight Captured Separately,Freight Included in Commodity Cost,1.61
49076,108-VN-T30,FPQ-11418,SCMS-176270,ASN-19860,Vietnam,PMO - US,Direct Drop,EXW,Air,1/29/13,2/6/13,5-Jul-13,5-Jul-13,5-Jul-13,ARV,Adult,HETERO LABS LIMITED,"Lamivudine/Nevirapine/Zidovudine 150/200/300mg, tablets, 60 Tabs",Lamivudine/Nevirapine/Zidovudine,Generic,150/300/200mg,Tablet - FDC,60,39045,320559.45,8.21,0.14,Hetero Unit III Hyderabad IN,Yes,5092,7312.6,396.53
41878,127-KE-T30,FPQ-7684,SCMS-109250,ASN-11401,Kenya,PMO - US,Direct Drop,EXW,Air,5/5/11,5/19/11,9-Aug-11,9-Aug-11,9-Aug-11,HRDT,HIV test,"Orgenics, Ltd","HIV 1/2, Determine Complete HIV Kit, 100 Tests","HIV 1/2, Determine Complete HIV Kit",Determine,,Test kit,100,7263,646407.0,89.0,0.89,Inverness Japan,Yes,2069,14307.97,1066.57
85010,114-UG-T30,FPQ-15294,SO-50060,DN-4103,Uganda,PMO - US,From RDC,N/A - From RDC,Truck,11/3/14,N/A - From RDC,16-Feb-15,30-Jan-15,2-Feb-15,ARV,Pediatric,SCMS from RDC,"Lamivudine/Zidovudine 30/60mg, dispersible tablets, 60 Tabs",Lamivudine/Zidovudine,Generic,30/60mg,Chewable/dispersible tablet - FDC,60,6000,11940.0,1.99,0.03,"Cipla, Goa, India",Yes,404,2055.25,14.05
86639,103-SS-T30,FPQ-13173,SO-47110,DN-3493,South Sudan,PMO - US,From RDC,N/A - From RDC,Air,10/28/13,N/A - From RDC,22-Jan-14,11-Feb-14,13-Feb-14,ARV,Adult,SCMS from RDC,"Lamivudine/Nevirapine/Zidovudine 150/200/300mg, tablets, 60 Tabs",Lamivudine/Nevirapine/Zidovudine,Generic,150/300/200mg,Tablet - FDC,60,3746,30941.96,8.26,0.14,"Aurobindo Unit III, India",No,See DN-3493 (ID#:84322),See DN-3493 (ID#:84322),31.81
85155,102-UG-T30,FPQ-6403,SO-37460,DN-2026,Uganda,PMO - US,From RDC,N/A - From RDC,Air,9/16/10,N/A - From RDC,20-Oct-10,25-Oct-10,25-Oct-10,ARV,Adult,SCMS from RDC,"Emtricitabine/Tenofovir Disoproxil Fumarate 200/300mg, tablets, 30 Tabs",Emtricitabine/Tenofovir Disoproxil Fumarate,Generic,200/300mg,Tablet - FDC,30,8375,98406.25,11.75,0.39,Mylan (formerly Matrix) Nashik,No,See DN-2026 (ID#:84047),See DN-2026 (ID#:84047),212.16
84392,113-ZW-T30,FPQ-13508,SO-47540,DN-3825,Zimbabwe,PMO - US,From RDC,N/A - From RDC,Truck,12/24/13,N/A - From RDC,30-Sep-14,29-Jun-14,4-Aug-14,ARV,Adult,SCMS from RDC,"Lamivudine/Tenofovir Disoproxil Fumarate 300/300mg, tablets, 30 Tabs",Lamivudine/Tenofovir Disoproxil Fumarate,Generic,300/300mg,Tablet - FDC,30,140000,648200.0,4.63,0.15,Hetero Unit III Hyderabad IN,No,See DN-3825 (ID#:82702),See DN-3825 (ID#:82702),666.35
41568,108-VN-T30,FPQ-9576,SCMS-145290,ASN-15777,Vietnam,PMO - US,Direct Drop,EXW,Air,4/11/12,6/8/12,23-Aug-12,23-Aug-12,23-Aug-12,ARV,Pediatric,Aurobindo Pharma Limited,"Zidovudine 10mg/ml, oral solution w/syringe, Bottle, 240 ml",Zidovudine,Generic,10mg/ml,Oral solution,240,150,315.0,2.1,0.01,"Aurobindo Unit III, India",Yes,58,755.03,0.44
25220,133-NG-T30,FPQ-10765,SCMS-162440,ASN-17647,Nigeria,PMO - US,Direct Drop,EXW,Air,10/5/12,10/16/12,9-Jan-13,28-Jan-13,28-Jan-13,HRDT,HIV test,"Orgenics, Ltd","HIV 1/2, Determine Complete HIV Kit, 100 Tests","HIV 1/2, Determine Complete HIV Kit",Determine,,Test kit,100,2352,209328.0,89.0,0.89,"Alere Medical Co., Ltd.",Yes,1058,21683.23,293.48
12740,110-ZM-T01,Pre-PQ Process,SO-1078,DN-438,Zambia,PMO - US,From RDC,N/A - From RDC,,Pre-PQ Process,N/A - From RDC,21-Nov-07,21-Nov-07,21-Nov-07,ARV,Adult,SCMS from RDC,"Lamivudine/Nevirapine/Stavudine 150/200/30mg, tablets, 60 Tabs",Lamivudine/Nevirapine/Stavudine,Generic,150/200/30mg,Tablet - FDC,60,18974,140407.6,7.4,0.12,"Cipla, Goa, India",Yes,1928,7194.3,224.65
84856,105-GY-T30,FPQ-12619,SO-46080,DN-3334,Guyana,PMO - US,From RDC,N/A - From RDC,Air,7/16/13,N/A - From RDC,14-Oct-13,7-Oct-13,22-Oct-13,ARV,Adult,SCMS from RDC,"Lamivudine 150mg, tablets, 60 Tabs",Lamivudine,Generic,150mg,Tablet,60,140,278.6,1.99,0.03,Hetero Unit III Hyderabad IN,Yes,9,1118.22,0.34
84559,114-UG-T30,FPQ-5275,SO-36260,DN-1819,Uganda,PMO - US,From RDC,N/A - From RDC,Air,3/4/10,N/A - From RDC,9-Jul-10,3-May-10,3-May-10,ARV,Adult,SCMS from RDC,"Lamivudine/Zidovudine 150/300mg, tablets, 60 Tabs",Lamivudine/Zidovudine,Generic,150/300mg,Tablet - FDC,60,3600,31536.0,8.76,0.15,Hetero Unit III Hyderabad IN,Yes,238,3299.67,67.99
11141,104-CI-T01,Pre-PQ Process,SO-817,DN-274,Côte d'Ivoire,PMO - US,From RDC,N/A - From RDC,,Pre-PQ Process,N/A - From RDC,14-Aug-07,14-Aug-07,14-Aug-07,ARV,Adult,SCMS from RDC,"Lamivudine/Nevirapine/Stavudine 150/200/30mg, tablets, 60 Tabs",Lamivudine/Nevirapine/Stavudine,Generic,150/200/30mg,Tablet - FDC,60,32436,243270.0,7.5,0.12,"Cipla, Goa, India",Yes,3203,8258,389.23
86084,102-ZW-T30,FPQ-13348,SO-47360,DN-3705,Zimbabwe,PMO - US,From RDC,N/A - From RDC,Truck,12/3/13,N/A - From RDC,31-Jul-14,30-May-14,23-Jun-14,ARV,Adult,SCMS from RDC,"Efavirenz/Lamivudine/Tenofovir Disoproxil Fumarate 600/300/300mg, tablets, 30 Tabs",Efavirenz/Lamivudine/Tenofovir Disoproxil Fumarate,Generic,600/300/300mg,Tablet - FDC,30,132926,1482124.9,11.15,0.37,Hetero Unit III Hyderabad IN,Yes,17791,33707.41,1523.62
83488,105-GY-T30,FPQ-7128,SO-38840,DN-2129,Guyana,PMO - US,From RDC,N/A - From RDC,Air,2/4/11,N/A - From RDC,31-Mar-11,25-Mar-11,25-Mar-11,ARV,Adult,SCMS from RDC,"Stavudine 15mg, capsules, 60 Caps",Stavudine,Generic,15mg,Capsule,60,73,109.5,1.5,0.02,"Aurobindo Unit III, India",Yes,143,2097.18,0.18
28928,161-ZA-T30,FPQ-5648,SCMS-75510,ASN-8300,South Africa,PMO - US,Direct Drop,DDP,Air,6/2/10,6/17/10,25-Nov-10,25-Nov-10,25-Nov-10,ARV,Adult,Aurobindo Pharma Limited,"Tenofovir Disoproxil Fumarate 300mg, tablets, 30 Tabs",Tenofovir Disoproxil Fumarate,Generic,300mg,Tablet,30,40319,278604.29,6.91,0.23,"Aurobindo Unit III, India",Yes,3545,5953.38,600.67
3897,116-ZA-T01,Pre-PQ Process,SCMS-47051,ASN-4836,South Africa,PMO - US,Direct Drop,DDP,Truck,Pre-PQ Process,6/5/09,12-Oct-09,28-Jul-09,28-Jul-09,ARV,Pediatric,S. BUYS WHOLESALER,"Nevirapine 10mg/ml, oral suspension, Bottle, 240 ml",Nevirapine,Generic,10mg/ml,Oral suspension,240,30,328.2,10.94,0.05,"Aurobindo Unit III, India",No,Weight Captured Separately,Freight Included in Commodity Cost,0.64
79810,101-CD-T30,FPQ-14654,SCMS-253260,ASN-28279,"Congo, DRC",PMO - US,Direct Drop,EXW,Air,8/11/14,8/27/14,4-Nov-14,4-Nov-14,20-Nov-14,HRDT,HIV test,"Trinity Biotech, Plc","HIV 1/2, Uni-Gold HIV Kit, 20 Tests","HIV 1/2, Uni-Gold HIV Kit",Uni-Gold,,Test kit,20,34,1088.0,32.0,1.6,"Trinity Biotech, Plc",No,See ASN-28279 (ID#:13547),See ASN-28279 (ID#:13547),1.12
85414,102-BI-T30,FPQ-12602,SO-46050,DN-3383,Burundi,PMO - US,From RDC,N/A - From RDC,Air,7/9/13,N/A - From RDC,29-Dec-13,20-Nov-13,27-Nov-13,ARV,Adult,SCMS from RDC,"Efavirenz/Lamivudine/Tenofovir Disoproxil Fumarate 600/300/300mg, tablets, 30 Tabs",Efavirenz/Lamivudine/Tenofovir Disoproxil Fumarate,Generic,600/300/300mg,Tablet - FDC,30,6120,68238.0,11.15,0.37,Hetero Unit III Hyderabad IN,Yes,820,4581.26,84.41
37362,116-ZA-T30,FPQ-12522,SCMS-199289,ASN-28034,South Africa,PMO - US,Direct Drop,DDP,Truck,7/11/13,8/29/14,29-Aug-14,29-Aug-14,29-Aug-14,ARV,Adult,S. BUYS WHOLESALER,"Didanosine 250mg, delayed-release capsules, 30 Caps",Didanosine,Generic,250mg,Delayed-release capsules,30,8,134.55,16.82,0.56,"Aurobindo Unit III, India",No,Weight Captured Separately,Freight Included in Commodity Cost,0.17
85743,113-ZW-T30,FPQ-6470,SO-37830,DN-2127,Zimbabwe,PMO - US,From RDC,N/A - From RDC,Truck,10/13/10,N/A - From RDC,31-Mar-11,17-Mar-11,17-Mar-11,ARV,Adult,SCMS from RDC,"Lamivudine/Stavudine 150/30mg, tablets, 60 Tabs",Lamivudine/Stavudine,Generic,150/30mg,Tablet - FDC,60,4669,14940.8,3.2,0.05,"Cipla, Goa, India",No,See DN-2127 (ID#:82371),See DN-2127 (ID#:82371),32.21
80399,113-ZW-T30,FPQ-13939,SCMS-240580,ASN-27030,Zimbabwe,PMO - US,Direct Drop,EXW,Air Charter,4/1/14,5/26/14,23-Jul-14,23-Jul-14,29-Jul-14,ARV,Adult,Aurobindo Pharma Limited,"Lamivudine/Tenofovir Disoproxil Fumarate 300/300mg, tablets, 30 Tabs",Lamivudine/Tenofovir Disoproxil Fumarate,Generic,300/300mg,Tablet - FDC,30,28899,134380.35,4.65,0.16,"Aurobindo Unit VII, IN",Yes,2846,19557.01,138.14
86185,101-CD-T30,FPQ-15787,SO-50910,DN-4195,"Congo, DRC",PMO - US,From RDC,N/A - From RDC,Air,1/26/15,N/A - From RDC,6-May-15,6-Jul-15,6-Jul-15,ARV,Pediatric,SCMS from RDC,"Lamivudine 10mg/ml, oral solution, Bottle, 240 ml",Lamivudine,Generic,10mg/ml,Oral solution,240,110,212.3,1.93,0.01,Hetero Unit III Hyderabad IN,No,See DN-4195 (ID#:83324),See DN-4195 (ID#:83324),0.25
84276,151-NG-T30,FPQ-11022,SO-45204,DN-3240,Nigeria,PMO - US,From RDC,N/A - From RDC,Air Charter,11/15/12,N/A - From RDC,22-Jul-13,23-Jul-13,23-Jul-13,ARV,Pediatric,SCMS from RDC,"Lamivudine/Stavudine 60/12mg, dispersible tablets, 60 Tabs",Lamivudine/Stavudine,Generic,60/12mg,Chewable/dispersible tablet - FDC,60,1945,6418.5,3.3,0.06,"Cipla, Goa, India",Yes,165,Freight Included in Commodity Cost,7.94
937,111-MZ-T01,Pre-PQ Process,SCMS-36660,ASN-3509,Mozambique,PMO - US,Direct Drop,EXW,Air,Pre-PQ Process,1/5/09,23-Mar-09,23-Mar-09,23-Mar-09,HRDT,HIV test,"Trinity Biotech, Plc","HIV 1/2, Uni-Gold HIV Kit, 20 Tests","HIV 1/2, Uni-Gold HIV Kit",Uni-Gold,,Test kit,20,5700,182400.0,32.0,1.6,"Trinity Biotech, Plc",Yes,1906,23914.8,357.5
18881,102-BW-T30,FPQ-6645,SCMS-92610,ASN-9635,Botswana,PMO - US,Direct Drop,EXW,Air,11/11/10,12/2/10,16-Mar-11,16-Mar-11,16-Mar-11,HRDT,HIV test,"Trinity Biotech, Plc","HIV 1/2, Uni-Gold HIV Kit, 20 Tests","HIV 1/2, Uni-Gold HIV Kit",Uni-Gold,,Test kit,20,50,1600.0,32.0,1.6,"Trinity Biotech, Plc",Yes,17,617.79,2.64
83014,109-TZ-T30,FPQ-8297,SO-40640,DN-2542,Tanzania,PMO - US,From RDC,N/A - From RDC,Truck,8/22/11,N/A - From RDC,23-Mar-12,12-Mar-12,12-Mar-12,ARV,Adult,SCMS from RDC,"Lopinavir/Ritonavir 200/50mg, tablets, 120 Tabs",Lopinavir/Ritonavir,Generic,200/50mg,Tablet,120,3679,123614.4,33.6,0.28,"Aurobindo Unit III, India",Yes,932,1698.83,203.96
11991,114-UG-T01,Pre-PQ Process,SO-32120,DN-1303,Uganda,PMO - US,From RDC,N/A - From RDC,Air,Date Not Captured,N/A - From RDC,14-Aug-09,14-Aug-09,14-Aug-09,ARV,Adult,SCMS from RDC,"Lamivudine/Zidovudine 150/300mg, tablets, 60 Tabs",Lamivudine/Zidovudine,Generic,150/300mg,Tablet - FDC,60,14479,97878.04,6.76,0.11,"Aurobindo Unit III, India",No,See DN-1303 (ID#:11661),See DN-1303 (ID#:11661),191.84
34646,101-CD-T30,FPQ-12093,SCMS-189060,ASN-20770,"Congo, DRC",PMO - US,Direct Drop,FCA,Air,4/23/13,5/23/13,20-Nov-13,20-Nov-13,26-Nov-13,ARV,Pediatric,ABBVIE LOGISTICS (FORMERLY ABBOTT LOGISTICS BV),"Lopinavir/Ritonavir 80/20mg/ml [Kaletra], oral solution, cool, Bottle 5 x 60 ml",Lopinavir/Ritonavir,Kaletra,80/20mg/ml,Oral solution,300,30,924.6,30.82,0.1,ABBVIE (Abbott) Logis. UK,Yes,56,1573.41,1.14
10580,104-CI-T01,Pre-PQ Process,SO-816,DN-265,Côte d'Ivoire,PMO - US,From RDC,N/A - From RDC,Air,Pre-PQ Process,N/A - From RDC,17-Aug-07,17-Aug-07,17-Aug-07,ARV,Adult,SCMS from RDC,"Lamivudine 150mg, tablets, 60 Tabs",Lamivudine,Generic,150mg,Tablet,60,3145,9560.8,3.04,0.05,"Aurobindo Unit III, India",Yes,206,2731.58,15.3
86379,111-MZ-T30,FPQ-7053,SO-39300,DN-2185,Mozambique,PMO - US,From RDC,N/A - From RDC,Truck,1/24/11,N/A - From RDC,31-May-11,25-May-11,25-May-11,ARV,Adult,SCMS from RDC,"Efavirenz 600mg, tablets, 30 Tabs",Efavirenz,Generic,600mg,Tablet,30,23450,101304.0,4.32,0.14,"Aurobindo Unit III, India",Yes,2068,3936.86,167.15
13007,102-BI-T30,FPQ-11670,SCMS-179360,ASN-19161,Burundi,PMO - US,Direct Drop,EXW,Air,2/20/13,3/14/13,10-Jun-13,10-Jun-13,10-Jun-13,HRDT,HIV test,"Orgenics, Ltd","HIV 1/2, Determine Complete HIV Kit, 100 Tests","HIV 1/2, Determine Complete HIV Kit",Determine,,Test kit,100,1468,117440.0,80.0,0.8,"Alere Medical Co., Ltd.",Yes,638,12922.07,145.27
84837,151-NG-T30,FPQ-11771,SO-44757,DN-3251,Nigeria,PMO - US,From RDC,N/A - From RDC,Air Charter,2/28/13,N/A - From RDC,21-Aug-13,30-Jul-13,30-Jul-13,ARV,Adult,SCMS from RDC,"Lopinavir/Ritonavir 200/50mg, tablets, 120 Tabs",Lopinavir/Ritonavir,Generic,200/50mg,Tablet,120,43169,906549.0,21.0,0.18,"Aurobindo Unit III, India",No,Weight Captured Separately,Freight Included in Commodity Cost,1121.4
74729,133-NG-T30,FPQ-10349,SCMS-155311,ASN-19163,Nigeria,PMO - US,Direct Drop,EXW,Air,7/17/12,8/10/12,6-May-13,6-May-13,6-May-13,HRDT,HIV test,"CHEMBIO DIAGNOSTIC SYSTEMS, INC.","HIV 1/2, Stat-Pak HIV, Kit, 20 Tests","HIV 1/2, Stat-Pak HIV, Kit",Stat-Pak,,Test kit,20,3401,98629.0,29.0,1.45,Chembio Diagnostics Sys. Inc.,Yes,972,10191.28,138.28
11352,113-ZW-T01,Pre-PQ Process,SO-21020,DN-1411,Zimbabwe,PMO - US,From RDC,N/A - From RDC,Truck,Date Not Captured,N/A - From RDC,22-Sep-09,22-Sep-09,22-Sep-09,ARV,Adult,SCMS from RDC,"Efavirenz 600mg, tablets, 30 Tabs",Efavirenz,Generic,600mg,Tablet,30,4000,42480.0,10.62,0.35,"Aurobindo Unit III, India",Yes,9020,14958.2,83.26
83983,106-HT-T30,FPQ-4384,SO-34690,DN-1673,Haiti,PMO - US,From RDC,N/A - From RDC,Air,10/23/09,N/A - From RDC,15-Mar-10,15-Mar-10,15-Mar-10,ARV,Adult,SCMS from RDC,"Nevirapine 200mg, tablets, 60 Tabs",Nevirapine,Generic,200mg,Tablet,60,11500,31395.0,2.73,0.05,Hetero Unit III Hyderabad IN,Yes,1870,13122.39,67.69
12315,110-ZM-T01,Pre-PQ Process,SO-29090,DN-1406,Zambia,PMO - US,From RDC,N/A - From RDC,Truck,Date Not Captured,N/A - From RDC,22-Sep-09,22-Sep-09,22-Sep-09,ARV,Adult,SCMS from RDC,"Lamivudine/Tenofovir Disoproxil Fumarate 300/300mg, tablets, 30 Tabs",Lamivudine/Tenofovir Disoproxil Fumarate,Generic,300/300mg,Tablet - FDC,30,92095,1059092.5,11.5,0.38,Mylan (formerly Matrix) Nashik,Yes,7686,6759.28,2075.82
84884,104-CI-T30,FPQ-12800,SO-46350,DN-3504,Côte d'Ivoire,PMO - US,From RDC,N/A - From RDC,Air,8/9/13,N/A - From RDC,31-Jan-14,18-Jan-14,4-Mar-14,ARV,Pediatric,SCMS from RDC,"Nevirapine 10mg/ml, oral suspension w/syringe, Bottle, 240 ml",Nevirapine,Generic,10mg/ml,Oral suspension,240,4000,7440.0,1.86,0.01,"Aurobindo Unit III, India",Yes,1928,8050.55,9.2
11903,106-HT-T01,Pre-PQ Process,SO-12161,DN-892,Haiti,PMO - US,From RDC,N/A - From RDC,Air,Pre-PQ Process,N/A - From RDC,9-Sep-08,9-Sep-08,9-Sep-08,ARV,Pediatric,SCMS from RDC,"Zidovudine 10mg/ml, oral solution, Bottle, 240 ml",Zidovudine,Generic,10mg/ml,Oral solution,240,1440,3024.0,2.1,0.01,"Aurobindo Unit III, India",Yes,538,7100.67,4.84
85773,106-HT-T30,FPQ-6801,SO-39910,DN-2263,Haiti,PMO - US,From RDC,N/A - From RDC,Air,12/14/10,N/A - From RDC,19-Jul-11,28-Jun-11,28-Jun-11,ARV,Pediatric,SCMS from RDC,"Zidovudine 100mg, capsules, 100 Caps",Zidovudine,Generic,100mg,Capsule,100,1500,7140.0,4.76,0.05,"Aurobindo Unit III, India",No,See DN-2263 (ID#:82959),See DN-2263 (ID#:82959),11.78
9036,116-ZA-T01,Pre-PQ Process,SCMS-41140,ASN-3752,South Africa,PMO - US,Direct Drop,DDP,Air,Pre-PQ Process,Date Not Captured,31-Mar-09,21-Nov-08,21-Nov-08,ARV,Adult,S. BUYS WHOLESALER,"Nevirapine 200mg, tablets, 60 Tabs",Nevirapine,Generic,200mg,Tablet,60,200,2998.0,14.99,0.25,"Cipla, Goa, India",No,Weight Captured Separately,Freight Included in Commodity Cost,5.88
69208,106-HT-T30,FPQ-5526,SCMS-74050,ASN-7805,Haiti,PMO - US,Direct Drop,CIP,Air,5/4/10,5/25/10,30-Aug-10,30-Aug-10,30-Aug-10,ARV,Pediatric,MERCK SHARP & DOHME IDEA GMBH (FORMALLY MERCK SHARP & DOHME B.V.),"Efavirenz 30mg/ml [Stocrin/Sustiva], oral solution, Bottle, 180 ml",Efavirenz,Stocrin/Sustiva,30mg/ml,Oral solution,180,342,5800.32,16.96,0.09,"MSD, Haarlem, NL",Yes,109,290,12.51
86814,151-NG-T30,FPQ-14989,SO-51424,DN-4276,Nigeria,PMO - US,From RDC,N/A - From RDC,Air Charter,9/19/14,N/A - From RDC,30-Jun-15,15-May-15,22-May-15,ARV,Adult,SCMS from RDC,"Lopinavir/Ritonavir 200/50mg [Aluvia], tablets, 120 Tabs",Lopinavir/Ritonavir,Aluvia,200/50mg,Tablet,120,70000,1304800.0,18.64,0.16,ABBVIE Ludwigshafen Germany,Yes,15198,26180,1341.33
36219,161-ZA-T30,FPQ-7175,SCMS-103420,ASN-11472,South Africa,PMO - US,Direct Drop,DDP,Ocean,3/10/11,3/24/11,5-Sep-11,5-Sep-11,5-Sep-11,ARV,Adult,Aurobindo Pharma Limited,"Zidovudine 300mg, tablets, 60 Tabs",Zidovudine,Generic,300mg,Tablet,60,100000,730000.0,7.3,0.12,"Aurobindo Unit III, India",Yes,5178,14621.3,1204.5
12235,111-MZ-T01,Pre-PQ Process,SO-2524,DN-858,Mozambique,PMO - US,From RDC,N/A - From RDC,Truck,Pre-PQ Process,N/A - From RDC,5-Sep-08,5-Sep-08,5-Sep-08,ARV,Adult,SCMS from RDC,"Lamivudine/Nevirapine/Stavudine 150/200/30mg, tablets, 60 Tabs",Lamivudine/Nevirapine/Stavudine,Generic,150/200/30mg,Tablet - FDC,60,76128,548121.6,7.2,0.12,"Strides, Bangalore, India.",No,Weight Captured Separately,Freight Included in Commodity Cost,876.99
12260,123-NG-T01,Pre-PQ Process,SO-19070,DN-1080,Nigeria,PMO - US,From RDC,N/A - From RDC,Air,Pre-PQ Process,N/A - From RDC,16-Feb-09,16-Feb-09,16-Feb-09,ARV,Adult,SCMS from RDC,"Efavirenz 600mg, tablets, 30 Tabs",Efavirenz,Generic,600mg,Tablet,30,13473,148203.0,11.0,0.37,"Aurobindo Unit III, India",Yes,1146,3680.33,290.48
10355,116-ZA-T01,Pre-PQ Process,SCMS-41230,ASN-3758,South Africa,PMO - US,Direct Drop,DDP,Air,Pre-PQ Process,Date Not Captured,1-Apr-09,11-Feb-09,11-Feb-09,ARV,Adult,S. BUYS WHOLESALER,"Emtricitabine/Tenofovir Disoproxil Fumarate 200/300mg [Truvada], tablets, 30 Tabs",Emtricitabine/Tenofovir Disoproxil Fumarate,Truvada,300/200mg,Tablet - FDC,30,80,2542.4,31.78,1.06,"Aspen-OSD, Port Elizabeth, SA",Yes,Weight Captured Separately,Freight Included in Commodity Cost,4.98
86164,151-NG-T30,FPQ-14766,SO-49682,DN-4122,Nigeria,PMO - US,From RDC,N/A - From RDC,Air Charter,8/13/14,N/A - From RDC,28-Feb-15,5-Feb-15,10-Feb-15,ARV,Adult,SCMS from RDC,"Lamivudine/Nevirapine/Zidovudine 150/200/300mg, tablets, 60 Tabs",Lamivudine/Nevirapine/Zidovudine,Generic,150/300/200mg,Tablet - FDC,60,183995,1420441.4,7.72,0.13,"Strides, Bangalore, India.",No,See DN-4122 (ID#:85012),See DN-4122 (ID#:85012),1460.21
48690,106-HT-T30,FPQ-11442,SCMS-177181,ASN-18922,Haiti,PMO - US,Direct Drop,EXW,Air,1/30/13,3/11/13,25-Apr-13,25-Apr-13,25-Apr-13,ARV,Pediatric,Aurobindo Pharma Limited,"Lamivudine 10mg/ml, oral solution w/syringe, Bottle, 240 ml",Lamivudine,Generic,10mg/ml,Oral solution,240,2064,2951.52,1.43,0.01,"Aurobindo Unit III, India",Yes,751,5754.16,3.65
42917,108-VN-T30,FPQ-13034,SCMS-210150,ASN-24398,Vietnam,PMO - US,Direct Drop,EXW,Air,10/4/13,10/10/13,23-Apr-14,23-Apr-14,23-Apr-14,ARV,Adult,HETERO LABS LIMITED,"Lamivudine 150mg, tablets, 60 Tabs",Lamivudine,Generic,150mg,Tablet,60,9989,18479.65,1.85,0.03,Hetero Unit III Hyderabad IN,No,See ASN-24398 (ID#:18664),See ASN-24398 (ID#:18664),22.86
82858,104-CI-T30,FPQ-4378,SO-35790,DN-1646,Côte d'Ivoire,PMO - US,From RDC,N/A - From RDC,Air,10/15/09,N/A - From RDC,6-Apr-10,24-Feb-10,24-Feb-10,ARV,Adult,SCMS from RDC,"Nevirapine 200mg, tablets, 60 Tabs",Nevirapine,Generic,200mg,Tablet,60,1681,4589.13,2.73,0.05,"Aurobindo Unit III, India",Yes,164,2976.56,8.99
40627,161-ZA-T30,FPQ-7175,SCMS-103950,ASN-11462,South Africa,PMO - US,Direct Drop,DDP,Ocean,3/10/11,3/28/11,16-Sep-11,16-Sep-11,16-Sep-11,ARV,Adult,STRIDES ARCOLAB LIMITED,"Nevirapine 200mg, tablets, 60 Tabs",Nevirapine,Generic,200mg,Tablet,60,150000,430500.0,2.87,0.05,"Strides, Bangalore, India.",Yes,9282,15222.94,710.32
11099,113-ZW-T01,Pre-PQ Process,SO-337,DN-115,Zimbabwe,PMO - US,From RDC,N/A - From RDC,,Pre-PQ Process,N/A - From RDC,26-Apr-07,26-Apr-07,26-Apr-07,ARV,Adult,SCMS from RDC,"Lopinavir/Ritonavir 200/50mg [Aluvia], tablets, 120 Tabs",Lopinavir/Ritonavir,Aluvia,200/50mg,Tablet,120,400,16440.0,41.1,0.34,ABBVIE Ludwigshafen Germany,Yes,87,907.41,
82857,104-CI-T30,FPQ-3964,SO-33171,DN-1629,Côte d'Ivoire,PMO - US,From RDC,N/A - From RDC,Air,7/24/09,N/A - From RDC,11-Feb-10,2-Feb-10,2-Feb-10,ARV,Pediatric,SCMS from RDC,"Didanosine 200mg, chewable/dispersible tablets, 60 Tabs",Didanosine,Generic,200mg,Chewable/dispersible tablet,60,23,356.5,15.5,0.26,"Aurobindo Unit III, India",Yes,379,1945.66,0.7
86367,104-CI-T30,FPQ-5925,SO-38090,DN-2105,Côte d'Ivoire,PMO - US,From RDC,N/A - From RDC,Air,6/23/10,N/A - From RDC,16-Feb-11,22-Feb-11,22-Feb-11,ARV,Pediatric,SCMS from RDC,"Nevirapine 10mg/ml, oral suspension w/syringe, Bottle, 240 ml",Nevirapine,Generic,10mg/ml,Oral suspension,240,2084,4063.8,1.95,0.01,"Aurobindo Unit III, India",Yes,794,8758.36,8.76
10998,111-MZ-T01,Pre-PQ Process,SO-2524,DN-858,Mozambique,PMO - US,From RDC,N/A - From RDC,Truck,Pre-PQ Process,N/A - From RDC,5-Sep-08,5-Sep-08,5-Sep-08,ARV,Adult,SCMS from RDC,"Lamivudine/Nevirapine/Stavudine 150/200/30mg, tablets, 60 Tabs",Lamivudine/Nevirapine/Stavudine,Generic,150/200/30mg,Tablet - FDC,60,80000,576000.0,7.2,0.12,"Strides, Bangalore, India.",Yes,11515,Freight Included in Commodity Cost,921.6
43929,114-UG-T30,FPQ-8497,SCMS-124980,ASN-13223,Uganda,PMO - US,Direct Drop,FCA,Air,10/3/11,10/21/11,14-Jan-12,14-Jan-12,14-Jan-12,ARV,Adult,Hoffmann-La Roche ltd Basel,"Saquinavir 500mg [Invirase], tablets, 120 Tabs",Saquinavir,Invirase,500mg,Tablet,120,98,12362.16,126.14,1.05,Roche Basel,Yes,18,586.16,20.4
38955,133-NG-T30,FPQ-16302,SCMS-287610,ASN-32234,Nigeria,PMO - US,Direct Drop,EXW,Air,5/4/15,5/12/15,12-Jun-15,12-Jun-15,12-Jun-15,HRDT,HIV test,"Trinity Biotech, Plc","HIV 1/2, Uni-Gold HIV Kit, 20 Tests","HIV 1/2, Uni-Gold HIV Kit",Uni-Gold,,Test kit,20,12485,399520.0,32.0,1.6,"Trinity Biotech, Plc",Yes,3655,25636.67,470.24
75502,109-TZ-T30,FPQ-13048,SCMS-210910,ASN-23397,Tanzania,PMO - US,Direct Drop,EXW,Air,10/3/13,10/28/13,28-Jan-14,28-Jan-14,28-Jan-14,ARV,Pediatric,Aurobindo Pharma Limited,"Efavirenz 50mg, capsule, 30 Caps",Efavirenz,Generic,50mg,Capsule,30,11912,18582.72,1.56,0.05,"Aurobindo Unit III, India",Yes,802,5740.54,22.99
82637,110-ZM-T30,FPQ-13456,SO-47470,DN-3491,Zambia,PMO - US,From RDC,N/A - From RDC,Truck,12/17/13,N/A - From RDC,13-Feb-14,24-Jan-14,17-Mar-14,ARV,Adult,SCMS from RDC,"Zidovudine 300mg, tablets, 60 Tabs",Zidovudine,Generic,300mg,Tablet,60,6350,35433.0,5.58,0.09,"Aurobindo Unit III, India",Yes,320,1300,36.43
86488,109-TZ-T30,FPQ-8303,SO-40470,DN-2714,Tanzania,PMO - US,From RDC,N/A - From RDC,Truck,8/22/11,N/A - From RDC,7-Aug-12,25-Jul-12,25-Jul-12,ARV,Pediatric,SCMS from RDC,"Nevirapine 10mg/ml, oral suspension w/syringe, Bottle, 240 ml",Nevirapine,Generic,10mg/ml,Oral suspension,240,26439,51556.05,1.95,0.01,"Aurobindo Unit III, India",Yes,9907,3853.89,85.07
24884,110-ZM-T30,FPQ-9074,SCMS-134290,ASN-13651,Zambia,PMO - US,Direct Drop,EXW,Air,12/22/11,1/24/12,29-Feb-12,29-Feb-12,29-Feb-12,ARV,Adult,Aurobindo Pharma Limited,"Emtricitabine/Tenofovir Disoproxil Fumarate 200/300mg, tablets, 30 Tabs",Emtricitabine/Tenofovir Disoproxil Fumarate,Generic,200/300mg,Tablet - FDC,30,100000,735000.0,7.35,0.24,"Aurobindo Unit III, India",Yes,9369,50030.37,1030.47
85212,102-KE-T30,FPQ-8736,SO-41070,DN-2436,Kenya,PMO - US,From RDC,N/A - From RDC,Air,11/1/11,N/A - From RDC,30-Nov-11,11-Nov-11,11-Nov-11,ARV,Pediatric,SCMS from RDC,"Nevirapine 10mg/ml, oral suspension w/syringe, Bottle, 240 ml",Nevirapine,Generic,10mg/ml,Oral suspension,240,4000,7800.0,1.95,0.01,"Aurobindo Unit III, India",Yes,1496,5752.74,10.94
20961,108-VN-T30,FPQ-11560,SCMS-177620,ASN-20368,Vietnam,PMO - US,Direct Drop,EXW,Air,2/7/13,2/13/13,1-Aug-13,1-Aug-13,1-Aug-13,ARV,Adult,MYLAN LABORATORIES LTD (FORMERLY MATRIX LABORATORIES),"Efavirenz/Lamivudine/Tenofovir Disoproxil Fumarate 600/300/300mg, tablets, 30 Tabs",Efavirenz/Lamivudine/Tenofovir Disoproxil Fumarate,Generic,600/300/300mg,Tablet - FDC,30,27122,311631.78,11.49,0.38,Mylan (formerly Matrix) Nashik,Yes,2843,9740.27,385.49
37487,116-ZA-T30,FPQ-12522,SCMS-199289,ASN-28033,South Africa,PMO - US,Direct Drop,DDP,Truck,7/11/13,8/29/14,29-Aug-14,29-Aug-14,29-Aug-14,ARV,Pediatric,S. BUYS WHOLESALER,"Lopinavir/Ritonavir 100/25mg [Aluvia], tablets, 60 Tabs",Lopinavir/Ritonavir,Generic,100/25mg,Tablet,60,6,38.64,6.44,0.11,ABBVIE Ludwigshafen Germany,No,Weight Captured Separately,Freight Included in Commodity Cost,0.05
11674,104-CI-T01,Pre-PQ Process,SO-32830,DN-1387,Côte d'Ivoire,PMO - US,From RDC,N/A - From RDC,Air,Date Not Captured,N/A - From RDC,25-Aug-09,25-Aug-09,25-Aug-09,ARV,Pediatric,SCMS from RDC,"Nevirapine 10mg/ml, oral suspension, Bottle, 240 ml",Nevirapine,Generic,10mg/ml,Oral suspension,240,2917,5600.64,1.92,0.01,"Aurobindo Unit III, India",Yes,1348,5233.52,10.98
65186,108-VN-T30,FPQ-10811,SCMS-164580,ASN-18662,Vietnam,PMO - US,Direct Drop,EXW,Air,10/15/12,11/7/12,3-Apr-13,3-Apr-13,3-Apr-13,ARV,Adult,HETERO LABS LIMITED,"Lamivudine/Zidovudine 150/300mg, tablets, 60 Tabs",Lamivudine/Zidovudine,Generic,150/300mg,Tablet - FDC,60,11623,81361.0,7.0,0.12,Hetero Unit III Hyderabad IN,No,See ASN-18662 (ID#:38299),See ASN-18662 (ID#:38299),100.64
83560,101-CD-T30,FPQ-8840,SO-41140,DN-2504,"Congo, DRC",PMO - US,From RDC,N/A - From RDC,Air,11/21/11,N/A - From RDC,16-Mar-12,3-Apr-12,3-Apr-12,ARV,Adult,SCMS from RDC,"Lamivudine/Tenofovir Disoproxil Fumarate 300/300mg, tablets, 30 Tabs",Lamivudine/Tenofovir Disoproxil Fumarate,Generic,300/300mg,Tablet - FDC,30,8,48.64,6.08,0.2,Mylan (formerly Matrix) Nashik,No,See DN-2504 (ID#:83559),See DN-2504 (ID#:83559),0.07
3080,116-ZA-T01,Pre-PQ Process,SCMS-19800,ASN-1664,South Africa,PMO - US,Direct Drop,DDP,Truck,Pre-PQ Process,2/20/08,24-Apr-08,29-Feb-08,29-Feb-08,ARV,Pediatric,S. BUYS WHOLESALER,"Efavirenz 200mg [Stocrin/Sustiva], capsule, 90 Caps",Efavirenz,Stocrin/Sustiva,200mg,Capsule,90,20,563.0,28.15,0.31,"MSD Midrand, J'burg, SA",Yes,Weight Captured Separately,Freight Included in Commodity Cost,0.9
23596,116-ZA-T30,FPQ-13035,SCMS-215370,ASN-24415,South Africa,PMO - US,Direct Drop,DDP,Truck,10/8/13,12/2/13,6-Feb-14,6-Feb-14,6-Feb-14,ARV,Adult,S. BUYS WHOLESALER,"Nevirapine 200mg, tablets, 60 Tabs",Nevirapine,Generic,200mg,Tablet,60,226,4088.15,18.09,0.3,"Cipla, Goa, India",Yes,Weight Captured Separately,Freight Included in Commodity Cost,5.06
84740,107-RW-T30,FPQ-9888,SO-42134,DN-2797,Rwanda,PMO - US,From RDC,N/A - From RDC,Air,5/11/12,N/A - From RDC,31-Aug-12,23-Aug-12,23-Aug-12,ARV,Adult,SCMS from RDC,"Abacavir 300mg, tablets, 60 Tabs",Abacavir,Generic,300mg,Tablet,60,6985,91852.75,13.15,0.22,"Aurobindo Unit III, India",Yes,718,12688.85,128.78
82986,113-ZW-T30,FPQ-7934,SO-40283,DN-2397,Zimbabwe,PMO - US,From RDC,N/A - From RDC,Truck,6/28/11,N/A - From RDC,21-Nov-11,21-Nov-11,21-Nov-11,ARV,Adult,SCMS from RDC,"Nevirapine 200mg, tablets, 60 Tabs",Nevirapine,Generic,200mg,Tablet,60,55800,140058.0,2.51,0.04,Mylan (formerly Matrix) Nashik,Yes,5598,11154.87,231.1
12534,102-KE-T01,Pre-PQ Process,SO-11480,DN-994,Kenya,PMO - US,From RDC,N/A - From RDC,Truck,Pre-PQ Process,N/A - From RDC,31-Oct-08,31-Oct-08,31-Oct-08,HRDT,HIV test,SCMS from RDC,"HIV 1/2, Uni-Gold HIV Kit, 20 Tests","HIV 1/2, Uni-Gold HIV Kit",Uni-Gold,,Test kit,20,1250,40000.0,32.0,1.6,"Trinity Biotech, Plc",Yes,393,157.5,78.4
85939,104-CI-T30,FPQ-10626,SO-43300,DN-3021,Côte d'Ivoire,PMO - US,From RDC,N/A - From RDC,Truck,9/6/12,N/A - From RDC,28-Mar-13,28-Feb-13,28-Feb-13,ARV,Adult,SCMS from RDC,"Tenofovir Disoproxil Fumarate 300mg, tablets, 30 Tabs",Tenofovir Disoproxil Fumarate,Generic,300mg,Tablet,30,5800,23432.0,4.04,0.13,Mylan (formerly Matrix) Nashik,No,See DN-3021 (ID#:82544),See DN-3021 (ID#:82544),32.85
83372,154-NG-T30,FPQ-3815,SO-32272,DN-1360,Nigeria,PMO - US,From RDC,N/A - From RDC,Air Charter,5/26/09,N/A - From RDC,31-Aug-09,4-Aug-09,4-Aug-09,ARV,Adult,SCMS from RDC,"Nevirapine 200mg, tablets, 60 Tabs",Nevirapine,Generic,200mg,Tablet,60,233,675.7,2.9,0.05,"Aurobindo Unit III, India",No,See DN-1360 (ID#:83371),See DN-1360 (ID#:83371),1.32
11890,104-CI-T01,Pre-PQ Process,SO-1547,DN-705,Côte d'Ivoire,PMO - US,From RDC,N/A - From RDC,Air,Pre-PQ Process,N/A - From RDC,17-Apr-08,17-Apr-08,17-Apr-08,ARV,Adult,SCMS from RDC,"Saquinavir 200mg [Invirase], capsules, 270 Caps",Saquinavir,Invirase,200mg,Capsule,270,977,76831.28,78.64,0.29,Roche Basel,Yes,490,1765.4,122.93
82651,104-CI-T30,FPQ-12800,SO-46422,DN-3546,Côte d'Ivoire,PMO - US,From RDC,N/A - From RDC,Air,8/9/13,N/A - From RDC,28-Feb-14,18-Feb-14,4-Mar-14,ARV,Adult,SCMS from RDC,"Lamivudine 150mg, tablets, 60 Tabs",Lamivudine,Generic,150mg,Tablet,60,1700,3791.0,2.23,0.04,"Aurobindo Unit III, India",Yes,2699,4063.81,4.69
57087,114-UG-T30,FPQ-14407,SCMS-244540,ASN-28239,Uganda,PMO - US,Direct Drop,EXW,Air,6/11/14,6/20/14,28-Oct-14,28-Oct-14,29-Oct-14,ARV,Adult,MYLAN LABORATORIES LTD (FORMERLY MATRIX LABORATORIES),"Atazanavir/Ritonavir 300/100mg, tablets, 30 Tabs",Atazanavir/Ritonavir,Generic,300/100mg,Tablet,30,3115,62300.0,20.0,0.67,Mylan (formerly Matrix) Nashik,Yes,420,2335.73,64.04
78767,102-BI-T30,FPQ-12580,SCMS-199591,ASN-22168,Burundi,PMO - US,Direct Drop,EXW,Air,7/9/13,7/31/13,20-Nov-13,20-Nov-13,22-Nov-13,HRDT,HIV test,"Orgenics, Ltd","HIV 1/2, Determine Complete HIV Kit, 100 Tests","HIV 1/2, Determine Complete HIV Kit",Determine,,Test kit,100,1268,101440.0,80.0,0.8,"Alere Medical Co., Ltd.",Yes,516,9802.95,125.48
63355,105-GH-T30,FPQ-13809,SCMS-234031,ASN-26374,Ghana,PMO - US,Direct Drop,EXW,Air,3/7/14,5/5/14,12-Jun-14,12-Jun-14,12-Jun-14,ARV,Adult,Aurobindo Pharma Limited,"Lopinavir/Ritonavir 200/50mg, tablets, 120 Tabs",Lopinavir/Ritonavir,Generic,200/50mg,Tablet,120,3393,73967.4,21.8,0.18,"Aurobindo Unit III, India",Yes,901,7326.63,76.04
48741,104-CI-T30,FPQ-13297,SCMS-218500,ASN-24994,Côte d'Ivoire,PMO - US,Direct Drop,EXW,Air,11/28/13,12/13/13,7-Apr-14,7-Apr-14,8-Apr-14,ARV,Pediatric,CIPLA LIMITED,"Nevirapine 50mg, dispersible tablets, 60 Tabs",Nevirapine,Generic,50mg,Chewable/dispersible tablet,60,3900,7215.0,1.85,0.03,"Cipla, Patalganga, India",Yes,321,3740.01,7.42
45361,116-ZA-T30,FPQ-3596,SCMS-50360,ASN-5450,South Africa,PMO - US,Direct Drop,DDP,Truck,5/7/09,9/22/09,27-Oct-09,27-Oct-09,27-Oct-09,ARV,Adult,S. BUYS WHOLESALER,"Lopinavir/Ritonavir 200/50mg [Aluvia], tablets, 120 Tabs",Lopinavir/Ritonavir,Aluvia,200/50mg,Tablet,120,3500,152545.53,43.58,0.36,ABBVIE Ludwigshafen Germany,Yes,Weight Captured Separately,Freight Included in Commodity Cost,298.99
85105,151-NG-T30,FPQ-4537,SO-34915,DN-1781,Nigeria,PMO - US,From RDC,N/A - From RDC,Air Charter,11/6/09,N/A - From RDC,31-May-10,18-May-10,18-May-10,ARV,Adult,SCMS from RDC,"Efavirenz 600mg, tablets, 30 Tabs",Efavirenz,Generic,600mg,Tablet,30,188,893.0,4.75,0.16,"Aurobindo Unit III, India",Yes,17,9736.1,1.93
84010,107-RW-T30,FPQ-5394,SO-36580,DN-1870,Rwanda,PMO - US,From RDC,N/A - From RDC,Air,3/25/10,N/A - From RDC,15-Jul-10,7-Jul-10,7-Jul-10,ARV,Adult,SCMS from RDC,"Lamivudine/Nevirapine/Zidovudine 150/200/300mg, tablets, 60 Tabs",Lamivudine/Nevirapine/Zidovudine,Generic,150/300/200mg,Tablet - FDC,60,5869,65850.18,11.22,0.19,Mylan (formerly Matrix) Nashik,Yes,758,8929.51,141.97
20558,101-CD-T30,FPQ-16001,SCMS-280220,ASN-32231,"Congo, DRC",PMO - US,Direct Drop,EXW,Air,3/10/15,3/17/15,23-Jul-15,23-Jul-15,29-Jul-15,HRDT,HIV test,"Orgenics, Ltd","HIV 1/2, Determine Complete HIV Kit, 100 Tests","HIV 1/2, Determine Complete HIV Kit",Determine,,Test kit,100,100,8000.0,80.0,0.8,"Alere Medical Co., Ltd.",No,See ASN-32231 (ID#:13648),See ASN-32231 (ID#:13648),9.42
76833,109-TZ-T30,FPQ-9211,SCMS-135870,ASN-13850,Tanzania,PMO - US,Direct Drop,EXW,Air,1/25/12,1/27/12,7-Mar-12,7-Mar-12,7-Mar-12,HRDT,HIV test,"Orgenics, Ltd","HIV 1/2, Determine Complete HIV Kit, 100 Tests","HIV 1/2, Determine Complete HIV Kit",Determine,,Test kit,100,2072,165760.0,80.0,0.8,"Alere Medical Co., Ltd.",Yes,989,17512.52,232.4
3040,110-ZM-T01,Pre-PQ Process,SCMS-18070,ASN-1576,Zambia,PMO - US,Direct Drop,EXW,Air,Pre-PQ Process,2/25/08,22-Apr-08,5-May-08,5-May-08,HRDT,HIV test,"Orgenics, Ltd","HIV 1/2, Determine HIV Kit, without Lancets, 100 Tests","HIV 1/2, Determine HIV Kit, without Lancets",Determine,,Test kit,100,2000,143980.0,71.99,0.72,Inverness Japan,Yes,455,4113.16,230.37
11933,112-NG-T01,Pre-PQ Process,SO-2728,DN-917,Nigeria,PMO - US,From RDC,N/A - From RDC,Air,Pre-PQ Process,N/A - From RDC,24-Sep-08,24-Sep-08,24-Sep-08,ARV,Adult,SCMS from RDC,"Emtricitabine/Tenofovir Disoproxil Fumarate 200/300mg [Truvada], tablets, 30 Tabs",Emtricitabine/Tenofovir Disoproxil Fumarate,Truvada,300/200mg,Tablet - FDC,30,4,105.0,26.25,0.88,"Aspen-OSD, Port Elizabeth, SA",No,See DN-917 (ID#:10745),See DN-917 (ID#:10745),0.17
82877,114-UG-T30,FPQ-5238,SO-36080,DN-1765,Uganda,PMO - US,From RDC,N/A - From RDC,Air,3/2/10,N/A - From RDC,26-May-10,12-Apr-10,12-Apr-10,ARV,Adult,SCMS from RDC,"Nevirapine 200mg, tablets, 60 Tabs",Nevirapine,Generic,200mg,Tablet,60,5000,13650.0,2.73,0.05,"Aurobindo Unit III, India",Yes,861,7383.9,29.43
84554,151-NG-T30,FPQ-4537,SO-36007,DN-1793,Nigeria,PMO - US,From RDC,N/A - From RDC,Air Charter,11/6/09,N/A - From RDC,31-May-10,18-May-10,18-May-10,ARV,Adult,SCMS from RDC,"Lamivudine/Nevirapine/Zidovudine 150/200/300mg, tablets, 60 Tabs",Lamivudine/Nevirapine/Zidovudine,Generic,150/300/200mg,Tablet - FDC,60,40000,448800.0,11.22,0.19,"Aurobindo Unit III, India",Yes,4693,9736.1,967.61
85359,114-UG-T30,FPQ-11133,SO-43872,DN-3137,Uganda,PMO - US,From RDC,N/A - From RDC,Truck,12/13/12,N/A - From RDC,28-Jun-13,15-May-13,15-May-13,ARV,Pediatric,SCMS from RDC,"Lamivudine/Nevirapine/Zidovudine 30/50/60mg, dispersible tablets, 60 Tabs",Lamivudine/Nevirapine/Zidovudine,Generic,30/50/60mg,Chewable/dispersible tablet - FDC,60,5861,24323.15,4.15,0.07,Mylan (formerly Matrix) Nashik,Yes,345,3426.68,30.09
3751,116-ZA-T01,Pre-PQ Process,SCMS-41190,ASN-3732,South Africa,PMO - US,Direct Drop,DDP,Air,Pre-PQ Process,Date Not Captured,30-Mar-09,21-Jan-09,21-Jan-09,ARV,Adult,S. BUYS WHOLESALER,"Didanosine EC 400mg [Videx EC], delayed-release capsules, Blister 3 x 10 Caps",Didanosine EC,Videx EC,400mg,Delayed-release capsules - blister,30,60,1095.0,18.25,0.61,"BMS Meymac, France",No,Weight Captured Separately,Freight Included in Commodity Cost,2.15
84345,111-MZ-T30,FPQ-13123,SO-47083,DN-3580,Mozambique,PMO - US,From RDC,N/A - From RDC,Truck,10/21/13,N/A - From RDC,15-Apr-14,14-Apr-14,17-Apr-14,ARV,Adult,SCMS from RDC,"Lamivudine/Nevirapine/Zidovudine 150/200/300mg, tablets, 60 Tabs",Lamivudine/Nevirapine/Zidovudine,Generic,150/300/200mg,Tablet - FDC,60,54997,454275.22,8.26,0.14,"Aurobindo Unit III, India",No,See DN-3580 (ID#:83772),See DN-3580 (ID#:83772),466.99
83439,151-NG-T30,FPQ-5023,SO-36465,DN-1896,Nigeria,PMO - US,From RDC,N/A - From RDC,Air,2/10/10,N/A - From RDC,15-Jul-10,28-Jun-10,28-Jun-10,ARV,Adult,SCMS from RDC,"Nevirapine 200mg, tablets, 60 Tabs",Nevirapine,Generic,200mg,Tablet,60,3000,8190.0,2.73,0.05,"Strides, Bangalore, India.",Yes,206,Freight Included in Commodity Cost,17.66
84322,103-SS-T30,FPQ-13173,SO-47110,DN-3493,South Sudan,PMO - US,From RDC,N/A - From RDC,Air,10/28/13,N/A - From RDC,22-Jan-14,11-Feb-14,13-Feb-14,ARV,Adult,SCMS from RDC,"Nevirapine 200mg, tablets, 60 Tabs",Nevirapine,Generic,200mg,Tablet,60,378,854.28,2.26,0.04,"Aurobindo Unit III, India",Yes,613,6333,0.88
34727,133-NG-T30,FPQ-12456,SCMS-196561,ASN-22351,Nigeria,PMO - US,Direct Drop,EXW,Air,6/10/13,7/10/13,7-Nov-13,11-Nov-13,17-Nov-13,HRDT,HIV test,"Orgenics, Ltd","HIV 1/2, Determine Complete HIV Kit, 100 Tests","HIV 1/2, Determine Complete HIV Kit",Determine,,Test kit,100,3038,270382.0,89.0,0.89,"Alere Medical Co., Ltd.",Yes,1234,21084.84,334.46
85859,111-MZ-T30,FPQ-9506,SO-41760,DN-2663,Mozambique,PMO - US,From RDC,N/A - From RDC,Truck,3/16/12,N/A - From RDC,3-Jul-12,28-Jun-12,28-Jun-12,ARV,Adult,SCMS from RDC,"Lamivudine/Zidovudine 150/300mg, tablets, 60 Tabs",Lamivudine/Zidovudine,Generic,150/300mg,Tablet - FDC,60,33156,257953.68,7.78,0.13,Mylan (formerly Matrix) Nashik,No,See DN-2663 (ID#:82478),See DN-2663 (ID#:82478),361.65
83731,151-NG-T30,FPQ-11864,SO-44934,DN-3370,Nigeria,PMO - US,From RDC,N/A - From RDC,Air Charter,3/14/13,N/A - From RDC,31-Oct-13,14-Oct-13,24-Oct-13,ARV,Adult,SCMS from RDC,"Lamivudine/Nevirapine/Zidovudine 150/200/300mg, tablets, 60 Tabs",Lamivudine/Nevirapine/Zidovudine,Generic,150/300/200mg,Tablet - FDC,60,12000,102960.0,8.58,0.14,"Cipla, Goa, India",Yes,1749,20225.07,127.36
10634,112-NG-T01,Pre-PQ Process,SO-1109,DN-422,Nigeria,PMO - US,From RDC,N/A - From RDC,Air,Pre-PQ Process,N/A - From RDC,9-Nov-07,9-Nov-07,9-Nov-07,ARV,Adult,SCMS from RDC,"Lamivudine/Nevirapine/Zidovudine 150/200/300mg, tablets, 60 Tabs",Lamivudine/Nevirapine/Zidovudine,Generic,150/300/200mg,Tablet - FDC,60,7436,100386.0,13.5,0.22,"Aurobindo Unit III, India",Yes,962,5180,160.62
83981,104-CI-T30,FPQ-4378,SO-34410,DN-1662,Côte d'Ivoire,PMO - US,From RDC,N/A - From RDC,Air,10/15/09,N/A - From RDC,9-Mar-10,1-Mar-10,1-Mar-10,ARV,Pediatric,SCMS from RDC,"Efavirenz 200mg, capsule, 90 Caps",Efavirenz,Generic,200mg,Capsule,90,2066,20804.62,10.07,0.11,"Aurobindo Unit III, India",Yes,1560,3688.33,40.78
46848,108-VN-T30,FPQ-10286,SCMS-156250,ASN-17673,Vietnam,PMO - US,Direct Drop,EXW,Air,7/25/12,8/15/12,4-Feb-13,4-Feb-13,4-Feb-13,ARV,Pediatric,MICRO LABS LIMITED,"Efavirenz 200mg, capsule, 90 Caps",Efavirenz,Generic,200mg,Capsule,90,298,1317.16,4.42,0.05,"Micro labs, Verna, Goa, India",No,See ASN-17673 (ID#:36978),See ASN-17673 (ID#:36978),1.85
56837,106-HT-T30,FPQ-15038,SCMS-277520,ASN-30803,Haiti,PMO - US,Direct Drop,EXW,Air,10/22/14,2/19/15,12-Mar-15,12-Mar-15,13-Mar-15,ARV,Adult,MYLAN LABORATORIES LTD (FORMERLY MATRIX LABORATORIES),"Atazanavir/Ritonavir 300/100mg, tablets, 30 Tabs",Atazanavir/Ritonavir,Generic,300/100mg,Tablet,30,2000,39000.0,19.5,0.65,Mylan (formerly Matrix) Nashik,Yes,280,3029.18,40.09
31177,117-ET-T30,FPQ-9096,SCMS-133380,ASN-16134,Ethiopia,PMO - US,Direct Drop,EXW,Air,1/5/12,1/23/12,5-Sep-12,5-Sep-12,5-Sep-12,HRDT,HIV test,"CHEMBIO DIAGNOSTIC SYSTEMS, INC.","HIV 1/2, Stat-Pak HIV, Kit, 20 Tests","HIV 1/2, Stat-Pak HIV, Kit",Stat-Pak,,Test kit,20,44,1276.0,29.0,1.45,Chembio Diagnostics Sys. Inc.,Yes,15,218.75,1.79
83686,151-NG-T30,FPQ-11022,SO-44262,DN-3172,Nigeria,PMO - US,From RDC,N/A - From RDC,Air Charter,11/15/12,N/A - From RDC,28-May-13,10-May-13,10-May-13,ARV,Adult,SCMS from RDC,"Efavirenz/Lamivudine/Tenofovir Disoproxil Fumarate 600/300/300mg, tablets, 30 Tabs",Efavirenz/Lamivudine/Tenofovir Disoproxil Fumarate,Generic,600/300/300mg,Tablet - FDC,30,120000,1262400.0,10.52,0.35,Hetero Unit III Hyderabad IN,Yes,17470,20666.07,1561.59
86448,101-CD-T30,FPQ-8840,SO-41144,DN-2508,"Congo, DRC",PMO - US,From RDC,N/A - From RDC,Air,11/21/11,N/A - From RDC,16-Mar-12,14-Mar-12,14-Mar-12,ARV,Adult,SCMS from RDC,"Lamivudine/Tenofovir Disoproxil Fumarate 300/300mg, tablets, 30 Tabs",Lamivudine/Tenofovir Disoproxil Fumarate,Generic,300/300mg,Tablet - FDC,30,36,218.88,6.08,0.2,Mylan (formerly Matrix) Nashik,No,See DN-2508 (ID#:85821),See DN-2508 (ID#:85821),0.31
50235,113-ZW-T30,FPQ-15380,SCMS-266490,ASN-31132,Zimbabwe,PMO - US,Direct Drop,EXW,Air,11/17/14,1/26/15,14-May-15,14-May-15,14-May-15,HRDT,HIV test - Ancillary,"Orgenics, Ltd","Chase Buffer, Determine, 100 Tests, 2.5ml x 1 Vial","Chase Buffer, Determine, 100 Tests, 2.5ml x 1 Vial",Determine,,Test kit - Ancillary,1,6500,32500.0,5.0,5.0,"Alere Medical Co., Ltd.",No,See ASN-31132 (ID#:36641),See ASN-31132 (ID#:36641),38.25
19940,108-VN-T30,FPQ-13524,SCMS-226251,ASN-27964,Vietnam,PMO - US,Direct Drop,EXW,Air,2/6/14,6/27/14,3-Nov-14,3-Nov-14,3-Nov-14,ARV,Adult,MYLAN LABORATORIES LTD (FORMERLY MATRIX LABORATORIES),"Lamivudine/Zidovudine 150/300mg, tablets, 60 Tabs",Lamivudine/Zidovudine,Generic,150/300mg,Tablet - FDC,60,20000,129800.0,6.49,0.11,Mylan (formerly Matrix) Nashik,Yes,1725,3273.14,133.43
32499,161-ZA-T30,FPQ-7175,SCMS-103470,ASN-11200,South Africa,PMO - US,Direct Drop,DDP,Ocean,3/10/11,3/24/11,2-Sep-11,2-Sep-11,2-Sep-11,ARV,Pediatric,Aurobindo Pharma Limited,"Efavirenz 50mg, capsule, 30 Caps",Efavirenz,Generic,50mg,Capsule,30,50000,122000.0,2.44,0.08,"Aurobindo Unit III, India",Yes,2953,6409.91,201.3
82574,151-NG-T30,FPQ-11022,SO-43842,DN-3148,Nigeria,PMO - US,From RDC,N/A - From RDC,Air Charter,11/15/12,N/A - From RDC,21-May-13,6-May-13,6-May-13,ARV,Adult,SCMS from RDC,"Nevirapine 200mg, tablets, 60 Tabs",Nevirapine,Generic,200mg,Tablet,60,57227,129333.02,2.26,0.04,"Strides, Bangalore, India.",Yes,4844,21591.1,159.98
65331,106-HT-T30,FPQ-11285,SCMS-176220,ASN-18344,Haiti,PMO - US,Direct Drop,EXW,Air,1/16/13,2/5/13,11-Mar-13,11-Mar-13,11-Mar-13,ARV,Adult,Aurobindo Pharma Limited,"Didanosine 400mg, delayed-release capsules, 30 Caps",Didanosine,Generic,400mg,Delayed-release capsules,30,240,4800.0,20.0,0.67,"Aurobindo Unit III, India",Yes,19,971.7,5.94
22268,101-CD-T30,FPQ-13555,SCMS-234290,ASN-26632,"Congo, DRC",PMO - US,Direct Drop,EXW,Air,3/19/14,5/5/14,22-Aug-14,22-Aug-14,22-Aug-14,ARV,Pediatric,CIPLA LIMITED,"Lamivudine/Zidovudine 30/60mg, tablets, 60 Tabs",Lamivudine/Zidovudine,Generic,30/60mg,Tablet - FDC,60,150,322.5,2.15,0.04,"Cipla, Goa, India",Yes,25,1765.03,0.33
31306,116-ZA-T30,FPQ-13973,SCMS-238551,ASN-26882,South Africa,PMO - US,Direct Drop,DDP,Truck,4/30/14,6/25/14,25-Jun-14,25-Jun-14,25-Jun-14,ARV,Pediatric,PHARMACY DIRECT,"Efavirenz 50mg, capsule, 30 Caps",Efavirenz,Generic,50mg,Capsule,30,9,27.05,3.01,0.1,"Aurobindo Unit III, India",No,Weight Captured Separately,Freight Included in Commodity Cost,0.03
11358,100-GH-T01,Pre-PQ Process,SO-33650,DN-1473,Ghana,PMO - US,From RDC,N/A - From RDC,Truck,Date Not Captured,N/A - From RDC,30-Sep-09,12-Aug-09,12-Aug-09,ARV,Pediatric,SCMS from RDC,"Lopinavir/Ritonavir 80/20mg/ml [Kaletra], oral solution, cool, Bottle 5 x 60 ml",Lopinavir/Ritonavir,Kaletra,80/20mg/ml,Oral solution,300,129,1.29,0.01,0.0,ABBVIE (Abbott) Logis. UK,Yes,Weight Captured Separately,Invoiced Separately,0.0
83453,104-CI-T30,FPQ-5623,SO-36890,DN-1984,Côte d'Ivoire,PMO - US,From RDC,N/A - From RDC,Air,5/7/10,N/A - From RDC,31-Aug-10,23-Aug-10,23-Aug-10,ARV,Pediatric,SCMS from RDC,"Lamivudine 10mg/ml, oral solution, Bottle, 240 ml",Lamivudine,Generic,10mg/ml,Oral solution,240,3010,5809.3,1.93,0.01,"Aurobindo Unit III, India",Yes,3202,12648.38,12.52
84951,113-ZW-T30,FPQ-13508,SO-47540,DN-3825,Zimbabwe,PMO - US,From RDC,N/A - From RDC,Truck,12/24/13,N/A - From RDC,30-Sep-14,29-Jun-14,4-Aug-14,ARV,Adult,SCMS from RDC,"Nevirapine 200mg, tablets, 60 Tabs",Nevirapine,Generic,200mg,Tablet,60,48253,105191.54,2.18,0.04,"Strides, Bangalore, India.",No,See DN-3825 (ID#:82702),See DN-3825 (ID#:82702),108.14
82308,151-NG-T30,FPQ-4537,SO-35057,DN-1735,Nigeria,PMO - US,From RDC,N/A - From RDC,Air Charter,11/6/09,N/A - From RDC,19-Apr-10,31-Mar-10,31-Mar-10,ARV,Adult,SCMS from RDC,"Lamivudine/Zidovudine 150/300mg, tablets, 60 Tabs",Lamivudine/Zidovudine,Generic,150/300mg,Tablet - FDC,60,80,700.8,8.76,0.15,"Aurobindo Unit III, India",Yes,8,Freight Included in Commodity Cost,1.51
60375,116-ZA-T30,FPQ-13035,SCMS-215370,ASN-24415,South Africa,PMO - US,Direct Drop,DDP,Truck,10/8/13,12/2/13,6-Feb-14,6-Feb-14,6-Feb-14,ARV,Pediatric,S. BUYS WHOLESALER,"Efavirenz 50mg, capsule, 30 Caps",Efavirenz,Generic,50mg,Capsule,30,387,1089.02,2.81,0.09,"Aurobindo Unit III, India",No,Weight Captured Separately,Freight Included in Commodity Cost,1.35
36219,161-ZA-T30,FPQ-7175,SCMS-103420,ASN-11472,South Africa,PMO - US,Direct Drop,DDP,Ocean,3/10/11,3/24/11,5-Sep-11,5-Sep-11,5-Sep-11,ARV,Adult,Aurobindo Pharma Limited,"Zidovudine 300mg, tablets, 60 Tabs",Zidovudine,Generic,300mg,Tablet,60,100000,730000.0,7.3,0.12,"Aurobindo Unit III, India",Yes,5178,14621.3,1204.5
75102,161-ZA-T30,FPQ-7175,SCMS-104100,ASN-12991,South Africa,PMO - US,Direct Drop,DDP,Ocean,3/10/11,3/28/11,12-Jan-12,12-Jan-12,12-Jan-12,ARV,Adult,CIPLA LIMITED,"Nevirapine 200mg, tablets, 60 Tabs",Nevirapine,Generic,200mg,Tablet,60,5360,14579.2,2.72,0.05,"Cipla, Goa, India",Yes,583,5824.11,24.06
83699,114-UG-T30,FPQ-11133,SO-43870,DN-3221,Uganda,PMO - US,From RDC,N/A - From RDC,Truck,12/13/12,N/A - From RDC,31-Jul-13,18-Jul-13,18-Jul-13,ARV,Adult,SCMS from RDC,"Efavirenz/Lamivudine/Tenofovir Disoproxil Fumarate 600/300/300mg, tablets, 30 Tabs",Efavirenz/Lamivudine/Tenofovir Disoproxil Fumarate,Generic,600/300/300mg,Tablet - FDC,30,36273,381591.96,10.52,0.35,Hetero Unit III Hyderabad IN,Yes,4846,13743.46,472.03
12531,132-NG-T01,Pre-PQ Process,SO-2681,DN-843,Nigeria,PMO - US,From RDC,N/A - From RDC,Air,Pre-PQ Process,N/A - From RDC,28-Jul-08,28-Jul-08,28-Jul-08,ARV,Adult,SCMS from RDC,"Emtricitabine/Tenofovir Disoproxil Fumarate 200/300mg [Truvada], tablets, 30 Tabs",Emtricitabine/Tenofovir Disoproxil Fumarate,Truvada,300/200mg,Tablet - FDC,30,15000,393750.0,26.25,0.88,"Aspen-OSD, Port Elizabeth, SA",Yes,1309,7463.74,630.0
56957,108-VN-T30,FPQ-13034,SCMS-210120,ASN-24394,Vietnam,PMO - US,Direct Drop,EXW,Air,10/4/13,10/10/13,23-Apr-14,23-Apr-14,23-Apr-14,ARV,Adult,HETERO LABS LIMITED,"Abacavir 300mg, tablets, 60 Tabs",Abacavir,Generic,300mg,Tablet,60,564,6457.8,11.45,0.19,Hetero Unit III Hyderabad IN,No,See ASN-24394 (ID#:16053),See ASN-24394 (ID#:16053),7.99
84664,106-HT-T30,FPQ-6801,SO-38213,DN-2310,Haiti,PMO - US,From RDC,N/A - From RDC,Air,12/14/10,N/A - From RDC,19-Jul-11,11-Aug-11,11-Aug-11,ARV,Adult,SCMS from RDC,"Lamivudine/Zidovudine 150/300mg, tablets, 60 Tabs",Lamivudine/Zidovudine,Generic,150/300mg,Tablet - FDC,60,18958,162090.9,8.55,0.14,Mylan (formerly Matrix) Nashik,No,See DN-2310 (ID#:82968),See DN-2310 (ID#:82968),267.45
12464,106-HT-T01,Pre-PQ Process,SO-1288,DN-445,Haiti,PMO - US,From RDC,N/A - From RDC,Air,Pre-PQ Process,N/A - From RDC,22-Jan-08,22-Jan-08,22-Jan-08,ARV,Adult,SCMS from RDC,"Stavudine 20mg, capsules, 60 Caps",Stavudine,Generic,20mg,Capsule,60,100,175.0,1.75,0.03,"Aurobindo Unit III, India",No,See DN-445 (ID#:10640),See DN-445 (ID#:10640),0.28
85750,104-CI-T30,FPQ-6891,SO-38570,DN-2161,Côte d'Ivoire,PMO - US,From RDC,N/A - From RDC,Air,12/21/10,N/A - From RDC,30-Jun-11,7-Jun-11,7-Jun-11,ARV,Adult,SCMS from RDC,"Efavirenz/Emtricitabine/Tenofovir Disoproxil Fumarate 600/200/300mg, tablets, 30 Tabs",Efavirenz/Emtricitabine/Tenofovir Disoproxil Fumarate,Generic,600/200/300mg,Tablet - FDC,30,5220,103982.4,19.92,0.66,Mylan (formerly Matrix) Nashik,No,See DN-2161 (ID#:84639),See DN-2161 (ID#:84639),171.57
15382,102-ML-T30,FPQ-11783,SCMS-182800,ASN-19649,Mali,PMO - US,Direct Drop,EXW,Air,3/15/13,4/11/13,11-Jun-13,11-Jun-13,11-Jun-13,HRDT,HIV test,"Orgenics, Ltd","HIV 1/2, Determine Complete HIV Kit, 100 Tests","HIV 1/2, Determine Complete HIV Kit",Determine,,Test kit,100,81,6480.0,80.0,0.8,"Alere Medical Co., Ltd.",Yes,37,2190.78,8.02
86253,110-ZM-T30,FPQ-4272,SO-33680,DN-1603,Zambia,PMO - US,From RDC,N/A - From RDC,Air,9/18/09,N/A - From RDC,17-Jan-10,11-Jan-10,11-Jan-10,ARV,Adult,SCMS from RDC,"Lamivudine/Stavudine 150/30mg, tablets, 60 Tabs",Lamivudine/Stavudine,Generic,150/30mg,Tablet - FDC,60,80000,304000.0,3.8,0.06,"Strides, Bangalore, India.",Yes,4162,9939.38,595.84
85093,106-HT-T30,FPQ-4384,SO-35920,DN-1667,Haiti,PMO - US,From RDC,N/A - From RDC,Air,10/23/09,N/A - From RDC,10-Mar-10,3-Mar-10,3-Mar-10,ARV,Adult,SCMS from RDC,"Stavudine 20mg, capsules, 60 Caps",Stavudine,Generic,20mg,Capsule,60,106,151.58,1.43,0.02,"Aurobindo Unit III, India",No,See DN-1667 (ID#:82861),See DN-1667 (ID#:82861),0.33
43693,110-ZM-T30,FPQ-15075,SCMS-260230,ASN-30881,Zambia,PMO - US,Direct Drop,EXW,Air,10/15/14,10/22/14,29-May-15,29-May-15,2-Jun-15,HRDT,HIV test,"Trinity Biotech, Plc","HIV 1/2, Uni-Gold HIV Kit, 20 Tests","HIV 1/2, Uni-Gold HIV Kit",Uni-Gold,,Test kit,20,8000,256000.0,32.0,1.6,"Trinity Biotech, Plc",Yes,2328,14581.51,301.31
40479,109-TZ-T30,FPQ-14049,SCMS-239390,ASN-26381,Tanzania,PMO - US,Direct Drop,FCA,Air,4/11/14,5/16/14,30-Sep-14,30-Sep-14,7-Oct-14,ARV,Pediatric,ABBVIE LOGISTICS (FORMERLY ABBOTT LOGISTICS BV),"Lopinavir/Ritonavir 80/20mg/ml [Kaletra], oral solution, cool, Bottle 5 x 60 ml",Lopinavir/Ritonavir,Kaletra,80/20mg/ml,Oral solution,300,304,9369.28,30.82,0.1,ABBVIE (Abbott) Logis. UK,Yes,278,5656.74,9.63
44363,103-DO-T30,FPQ-11964,SCMS-202650,ASN-21798,Dominican Republic,PMO - US,Direct Drop,EXW,Air,4/10/13,8/12/13,4-Oct-13,4-Oct-13,18-Oct-13,ARV,Adult,EMCURE PHARMACEUTICALS LTD,"Atazanavir 300mg, capsules, 30 Caps",Atazanavir,Generic,300mg,Capsule,30,1902,38040.0,20.0,0.67,"Emcure Plot No.P-2, I.T-B.T. Park, Phase II, MIDC, Hinjwadi, Pune, India",Yes,170,1965.62,47.06
45143,116-ZA-T30,FPQ-12522,SCMS-199289,ASN-28033,South Africa,PMO - US,Direct Drop,DDP,Truck,7/11/13,8/29/14,29-Aug-14,29-Aug-14,29-Aug-14,ARV,Adult,S. BUYS WHOLESALER,"Didanosine 400mg, delayed-release capsules, 30 Caps",Didanosine,Generic,400mg,Delayed-release capsules,30,17,368.99,21.71,0.72,"Aurobindo Unit III, India",No,Weight Captured Separately,Freight Included in Commodity Cost,0.46
12166,106-HT-T01,Pre-PQ Process,SO-2753,DN-827,Haiti,PMO - US,From RDC,N/A - From RDC,Air,Pre-PQ Process,N/A - From RDC,16-Jul-08,16-Jul-08,16-Jul-08,ARV,Adult,SCMS from RDC,"Nevirapine 200mg, tablets, 60 Tabs",Nevirapine,Generic,200mg,Tablet,60,1057,3593.8,3.4,0.06,"Aurobindo Unit III, India",Yes,100,1651,5.75
85444,104-CI-T30,FPQ-10633,SO-43341,DN-3569,Côte d'Ivoire,PMO - US,From RDC,N/A - From RDC,Truck,9/11/12,N/A - From RDC,31-Mar-14,26-Mar-14,28-Apr-14,ARV,Adult,SCMS from RDC,"Efavirenz 600mg, tablets, 30 Tabs",Efavirenz,Generic,600mg,Tablet,30,72300,240759.0,3.33,0.11,"Strides, Bangalore, India.",Yes,4392,18607.76,337.54
12112,107-RW-T01,Pre-PQ Process,SO-834,DN-352,Rwanda,PMO - US,From RDC,N/A - From RDC,Air,Pre-PQ Process,N/A - From RDC,14-Sep-07,14-Sep-07,14-Sep-07,HRDT,HIV test,SCMS from RDC,"HIV 1/2/O, First Response HIV 1-2.0, v.3.0 Cards Kit, 30 Tests","HIV 1/2/O, First Response HIV 1-2.0, v.3.0 Cards Kit",First Response,,Test kit,30,1883,31069.5,16.5,0.55,Premier Med. Corp Ltd. India,Yes,752,4436.76,49.71
84812,113-ZW-T30,FPQ-11002,SO-43710,DN-3131,Zimbabwe,PMO - US,From RDC,N/A - From RDC,Truck,11/16/12,N/A - From RDC,6-May-13,29-Apr-13,29-Apr-13,ARV,Adult,SCMS from RDC,"Lamivudine/Tenofovir Disoproxil Fumarate 300/300mg, tablets, 30 Tabs",Lamivudine/Tenofovir Disoproxil Fumarate,Generic,300/300mg,Tablet - FDC,30,100000,470000.0,4.7,0.16,Hetero Unit III Hyderabad IN,No,See DN-3131 (ID#:83136),See DN-3131 (ID#:83136),581.39
83244,104-CI-T30,FPQ-11254,SO-44141,DN-3681,Côte d'Ivoire,PMO - US,From RDC,N/A - From RDC,Truck,12/14/12,N/A - From RDC,15-May-14,12-May-14,30-Jun-14,ARV,Pediatric,SCMS from RDC,"Lamivudine/Nevirapine/Zidovudine 30/50/60mg, dispersible tablets, 60 Tabs",Lamivudine/Nevirapine/Zidovudine,Generic,30/50/60mg,Chewable/dispersible tablet - FDC,60,3200,12000.0,3.75,0.06,Mylan (formerly Matrix) Nashik,Yes,166,1137.18,14.84
85521,111-MZ-T30,FPQ-13394,SO-47460,DN-3872,Mozambique,PMO - US,From RDC,N/A - From RDC,Truck,12/9/13,N/A - From RDC,30-Sep-14,27-Oct-14,7-Nov-14,ARV,Adult,SCMS from RDC,"Lamivudine/Nevirapine/Zidovudine 150/200/300mg, tablets, 60 Tabs",Lamivudine/Nevirapine/Zidovudine,Generic,150/300/200mg,Tablet - FDC,60,90000,729900.0,8.11,0.14,Hetero Unit III Hyderabad IN,No,See DN-3872 (ID#:82726),See DN-3872 (ID#:82726),750.34
86496,151-NG-T30,FPQ-8952,SO-42800,DN-2765,Nigeria,PMO - US,From RDC,N/A - From RDC,Air Charter,12/8/11,N/A - From RDC,30-Jul-12,24-Jul-12,24-Jul-12,ARV,Adult,SCMS from RDC,"Efavirenz/Lamivudine/Tenofovir Disoproxil Fumarate 600/300/300mg, tablets, 30 Tabs",Efavirenz/Lamivudine/Tenofovir Disoproxil Fumarate,Generic,600/300/300mg,Tablet - FDC,30,7000,92890.0,13.27,0.44,Mylan (formerly Matrix) Nashik,Yes,858,16532.5,130.23
84423,151-NG-T30,FPQ-14156,SO-48904,DN-3995,Nigeria,PMO - US,From RDC,N/A - From RDC,Air Charter,4/25/14,N/A - From RDC,31-Oct-14,30-Oct-14,3-Nov-14,ARV,Adult,SCMS from RDC,"Lamivudine/Zidovudine 150/300mg, tablets, 60 Tabs",Lamivudine/Zidovudine,Generic,150/300mg,Tablet - FDC,60,76832,500944.64,6.52,0.11,Mylan (formerly Matrix) Nashik,Yes,6780,14251,514.97
84992,101-CD-T30,FPQ-14576,SO-49290,DN-3975,"Congo, DRC",PMO - US,From RDC,N/A - From RDC,Air,7/14/14,N/A - From RDC,30-Jan-15,18-Feb-15,23-Feb-15,ARV,Pediatric,SCMS from RDC,"Zidovudine 10mg/ml, oral solution w/syringe, Bottle, 240 ml",Zidovudine,Generic,10mg/ml,Oral solution,240,714,1499.4,2.1,0.01,"Cipla, Goa, India",No,See DN-3975 (ID#:82748),See DN-3975 (ID#:82748),1.54
10727,130-NG-T01,Pre-PQ Process,SO-10580,DN-909,Nigeria,PMO - US,From RDC,N/A - From RDC,Air,Pre-PQ Process,N/A - From RDC,22-Sep-08,22-Sep-08,22-Sep-08,ARV,Adult,SCMS from RDC,"Nevirapine 200mg, tablets, 60 Tabs",Nevirapine,Generic,200mg,Tablet,60,2066,7024.4,3.4,0.06,"Aurobindo Unit III, India",Yes,451,3487.94,11.24
48155,108-VN-T30,FPQ-6384,SCMS-87780,ASN-9408,Vietnam,PMO - US,Direct Drop,EXW,Air,9/30/10,10/18/10,16-Feb-11,16-Feb-11,16-Feb-11,ARV,Adult,HETERO LABS LIMITED,"Zidovudine 300mg, tablets, 60 Tabs",Zidovudine,Generic,300mg,Tablet,60,1008,7005.6,6.95,0.12,Hetero Unit III Hyderabad IN,No,See ASN-9408 (ID#:39263),See ASN-9408 (ID#:39263),15.1
10788,110-ZM-T01,Pre-PQ Process,SO-32550,DN-1382,Zambia,PMO - US,From RDC,N/A - From RDC,Truck,Date Not Captured,N/A - From RDC,17-Aug-09,17-Aug-09,17-Aug-09,ARV,Adult,SCMS from RDC,"Lamivudine/Zidovudine 150/300mg, tablets, 60 Tabs",Lamivudine/Zidovudine,Generic,150/300mg,Tablet - FDC,60,108000,946080.0,8.76,0.15,"Aurobindo Unit III, India",Yes,10865,13518.56,1854.32
71773,114-UG-T30,FPQ-11371,SCMS-173110,ASN-18722,Uganda,PMO - US,Direct Drop,EXW,Air,1/3/13,1/11/13,29-Apr-13,29-Apr-13,29-Apr-13,HRDT,HIV test - Ancillary,"Orgenics, Ltd","Capillary Tubes, for Determine, EDTA, 50uL,100 Pcs","HIV, Capillary Tubes, for Determine, EDTA, 50uL,100 Pcs",Determine,,Test kit - Ancillary,100,100,800.0,8.0,0.08,"Alere Medical Co., Ltd.",Yes,74,1649.91,0.99
2602,116-ZA-T01,Pre-PQ Process,SCMS-47090,ASN-4820,South Africa,PMO - US,Direct Drop,DDP,Truck,Pre-PQ Process,6/5/09,21-Jul-09,21-Jul-09,21-Jul-09,ARV,Adult,S. BUYS WHOLESALER,"Stavudine 20mg [Zerit], capsules, 60 Caps",Stavudine,Zerit,20mg,Capsule,60,320,1475.2,4.61,0.08,"BMS Meymac, France",Yes,Weight Captured Separately,Freight Included in Commodity Cost,2.89
82345,151-NG-T30,FPQ-5023,SO-36413,DN-1967,Nigeria,PMO - US,From RDC,N/A - From RDC,Air Charter,2/10/10,N/A - From RDC,9-Aug-10,17-Aug-10,17-Aug-10,ARV,Adult,SCMS from RDC,"Emtricitabine/Tenofovir Disoproxil Fumarate 200/300mg, tablets, 30 Tabs",Emtricitabine/Tenofovir Disoproxil Fumarate,Generic,200/300mg,Tablet - FDC,30,6203,72885.25,11.75,0.39,Mylan (formerly Matrix) Nashik,Yes,560,6147.18,157.14
85861,102-CD-T30,FPQ-9640,SO-41860,DN-2678,"Congo, DRC",PMO - US,From RDC,N/A - From RDC,Air,4/2/12,N/A - From RDC,3-Sep-12,3-Sep-12,3-Sep-12,ARV,Adult,SCMS from RDC,"Efavirenz 600mg, tablets, 30 Tabs",Efavirenz,Generic,600mg,Tablet,30,200,824.0,4.12,0.14,"Strides, Bangalore, India.",No,See DN-2678 (ID#:83040),See DN-2678 (ID#:83040),1.16
30363,105-SS-T30,FPQ-15569,SCMS-272160,ASN-31321,South Sudan,PMO - US,Direct Drop,EXW,Air,12/29/14,2/20/15,3-Jun-15,3-Jun-15,5-Jun-15,HRDT,HIV test,"Orgenics, Ltd","HIV 1/2, Determine Complete HIV Kit, 100 Tests","HIV 1/2, Determine Complete HIV Kit",Determine,,Test kit,100,90,8010.0,89.0,0.89,"Alere Medical Co., Ltd.",Yes,Weight Captured Separately,Invoiced Separately,9.43
65091,103-ZW-T30,FPQ-15220,SCMS-261580,ASN-31449,Zimbabwe,PMO - US,Direct Drop,FCA,Air,10/27/14,10/30/14,22-Apr-15,22-Apr-15,23-Apr-15,ARV,Pediatric,ABBVIE LOGISTICS (FORMERLY ABBOTT LOGISTICS BV),"Lopinavir/Ritonavir 100/25mg [Aluvia], tablets, 60 Tabs",Lopinavir/Ritonavir,Generic,100/25mg,Tablet,60,14322,85072.68,5.94,0.1,ABBVIE Ludwigshafen Germany,No,See ASN-31449 (ID#:41304),See ASN-31449 (ID#:41304),100.13
28960,116-ZA-T30,FPQ-13035,SCMS-215370,ASN-24415,South Africa,PMO - US,Direct Drop,DDP,Truck,10/8/13,12/2/13,6-Feb-14,6-Feb-14,6-Feb-14,ARV,Adult,S. BUYS WHOLESALER,"Efavirenz 600mg, tablets, 30 Tabs",Efavirenz,Generic,600mg,Tablet,30,1131,17468.66,15.45,0.52,"Aurobindo Unit III, India",No,Weight Captured Separately,Freight Included in Commodity Cost,21.61
67501,117-ET-T30,FPQ-7065,SCMS-98701,ASN-11156,Ethiopia,PMO - US,Direct Drop,EXW,Air,1/26/11,2/15/11,28-Jun-11,28-Jun-11,28-Jun-11,ARV,Adult,Aurobindo Pharma Limited,"Lopinavir/Ritonavir 200/50mg, tablets, 120 Tabs",Lopinavir/Ritonavir,Generic,200/50mg,Tablet,120,14498,487132.8,33.6,0.28,"Aurobindo Unit III, India",Yes,3685,16359.2,803.77
83766,111-MZ-T30,FPQ-13123,SO-47081,DN-3558,Mozambique,PMO - US,From RDC,N/A - From RDC,Truck,10/21/13,N/A - From RDC,15-Apr-14,28-Mar-14,4-Apr-14,ARV,Adult,SCMS from RDC,"Lamivudine/Nevirapine/Zidovudine 150/200/300mg, tablets, 60 Tabs",Lamivudine/Nevirapine/Zidovudine,Generic,150/300/200mg,Tablet - FDC,60,41076,339287.76,8.26,0.14,"Strides, Bangalore, India.",Yes,5170,8406.81,348.79
84520,106-HT-T30,FPQ-4384,SO-34880,DN-1575,Haiti,PMO - US,From RDC,N/A - From RDC,Air,10/23/09,N/A - From RDC,9-Dec-09,5-Dec-09,5-Dec-09,ARV,Adult,SCMS from RDC,"Abacavir 300mg, tablets, 60 Tabs",Abacavir,Generic,300mg,Tablet,60,315,6747.3,21.42,0.36,"Aurobindo Unit III, India",Yes,1045,750.9,14.55
79778,101-CD-T30,FPQ-14654,SCMS-253260,ASN-28279,"Congo, DRC",PMO - US,Direct Drop,EXW,Air,8/11/14,8/27/14,4-Nov-14,4-Nov-14,20-Nov-14,HRDT,HIV test,"Trinity Biotech, Plc","HIV 1/2, Uni-Gold HIV Kit, 20 Tests","HIV 1/2, Uni-Gold HIV Kit",Uni-Gold,,Test kit,20,41,1312.0,32.0,1.6,"Trinity Biotech, Plc",No,See ASN-28279 (ID#:13547),See ASN-28279 (ID#:13547),1.35
38955,133-NG-T30,FPQ-16302,SCMS-287610,ASN-32234,Nigeria,PMO - US,Direct Drop,EXW,Air,5/4/15,5/12/15,12-Jun-15,12-Jun-15,12-Jun-15,HRDT,HIV test,"Trinity Biotech, Plc","HIV 1/2, Uni-Gold HIV Kit, 20 Tests","HIV 1/2, Uni-Gold HIV Kit",Uni-Gold,,Test kit,20,12485,399520.0,32.0,1.6,"Trinity Biotech, Plc",Yes,3655,25636.67,470.24
83900,111-MZ-T30,FPQ-15195,SO-50140,DN-4191,Mozambique,PMO - US,From RDC,N/A - From RDC,Truck,10/17/14,N/A - From RDC,31-May-15,13-May-15,15-May-15,ARV,Adult,SCMS from RDC,"Efavirenz/Lamivudine/Tenofovir Disoproxil Fumarate 600/300/300mg, tablets, 30 Tabs",Efavirenz/Lamivudine/Tenofovir Disoproxil Fumarate,Generic,600/300/300mg,Tablet - FDC,30,619999,5951990.4,9.6,0.32,Hetero Unit III Hyderabad IN,Yes,90446,68874.85,7005.49
27781,116-ZA-T30,FPQ-14942,SCMS-259072,ASN-30377,South Africa,PMO - US,Direct Drop,DDP,Truck,9/11/14,1/26/15,26-Jan-15,26-Jan-15,26-Jan-15,ARV,Adult,PHARMACY DIRECT,"Abacavir 300mg, tablets, 60 Tabs",Abacavir,Generic,300mg,Tablet,60,53,2642.19,49.85,0.83,"Aurobindo Unit III, India",No,Weight Captured Separately,Freight Included in Commodity Cost,2.72
10979,113-ZW-T01,Pre-PQ Process,SO-2502,DN-813,Zimbabwe,PMO - US,From RDC,N/A - From RDC,Truck,Pre-PQ Process,N/A - From RDC,26-Jul-08,26-Jul-08,26-Jul-08,ARV,Adult,SCMS from RDC,"Lamivudine/Nevirapine/Stavudine 150/200/30mg, tablets, 60 Tabs",Lamivudine/Nevirapine/Stavudine,Generic,150/200/30mg,Tablet - FDC,60,66268,490383.2,7.4,0.12,"Cipla, Goa, India",Yes,6606,22666.98,784.61
61403,104-CI-T30,FPQ-6037,SCMS-80610,ASN-8594,Côte d'Ivoire,PMO - US,Direct Drop,EXW,Air,7/14/10,7/30/10,10-Nov-10,10-Nov-10,10-Nov-10,HRDT,HIV test,"Standard Diagnostics, Inc.","HIV 1/2, Bioline 3.0 Kit, (no accessories), 30 Tests","HIV 1/2, Bioline 3.0 Kit (no accessories)",Bioline,,Test kit,30,1206,28944.0,24.0,0.8,"Standard Diagnostics, Korea",Yes,429,4540.55,62.4
262,116-ZA-T01,Pre-PQ Process,SCMS-14050,ASN-1251,South Africa,PMO - US,Direct Drop,DDP,,Pre-PQ Process,11/12/07,29-Jan-08,29-Jan-08,29-Jan-08,ARV,Pediatric,"JSI R&T INSTITUTE, INC.","Zidovudine 10mg/ml [Retrovir], oral solution, Bottle, 200 ml",Zidovudine,Retrovir,10mg/ml,Oral solution,200,40,317.6,7.94,0.04,GSK Mississauga (Canada),Yes,Weight Captured Separately,Freight Included in Commodity Cost,0.51
66448,104-CI-T30,FPQ-13155,SCMS-217340,ASN-27114,Côte d'Ivoire,PMO - US,Direct Drop,EXW,Air,10/22/13,12/4/13,31-Jul-14,31-Jul-14,31-Jul-14,ARV,Adult,MYLAN LABORATORIES LTD (FORMERLY MATRIX LABORATORIES),"Atazanavir/Ritonavir 300/100mg, tablets, 30 Tabs",Atazanavir/Ritonavir,Generic,300/100mg,Tablet,30,3200,64000.0,20.0,0.67,Mylan (formerly Matrix) Nashik,Yes,430,3587.34,65.79
16232,106-HT-T30,FPQ-9066,SCMS-138580,ASN-14408,Haiti,PMO - US,Direct Drop,EXW,Air,1/6/12,2/24/12,22-Apr-12,22-Apr-12,22-Apr-12,ARV,Pediatric,Aurobindo Pharma Limited,"Nevirapine 50mg, dispersible tablets (tablets for oral suspension), 30 Tabs",Nevirapine,Generic,50mg,Chewable/dispersible tablet,30,2894,3617.5,1.25,0.04,"Aurobindo Unit III, India",Yes,1486,12749.39,5.07
42757,104-CI-T30,FPQ-4698,SCMS-62970,ASN-9989,Côte d'Ivoire,PMO - US,Direct Drop,FCA,Air,12/28/09,1/15/10,9-Mar-11,9-Mar-11,9-Mar-11,ARV,Adult,ABBVIE LOGISTICS (FORMERLY ABBOTT LOGISTICS BV),"Ritonavir 100mg [Norvir], film coated tablets, 60 Tabs",Ritonavir,Norvir,100mg,Tablet,60,4014,27495.9,6.85,0.11,ABBVIE Ludwigshafen Germany,Yes,507,4520.66,59.28
85308,111-MZ-T30,FPQ-10210,SO-42820,DN-2862,Mozambique,PMO - US,From RDC,N/A - From RDC,Truck,6/28/12,N/A - From RDC,31-Oct-12,10-Oct-12,10-Oct-12,ARV,Adult,SCMS from RDC,"Lamivudine 150mg, tablets, 60 Tabs",Lamivudine,Generic,150mg,Tablet,60,8586,19060.92,2.22,0.04,Hetero Unit III Hyderabad IN,No,See DN-2862 (ID#:83083),See DN-2862 (ID#:83083),26.72
1637,104-CI-T01,Pre-PQ Process,SCMS-18320,ASN-3465,Côte d'Ivoire,PMO - US,Direct Drop,EXW,Air,Pre-PQ Process,2/27/08,4-Mar-09,4-Mar-09,4-Mar-09,HRDT,HIV test,"CHEMBIO DIAGNOSTIC SYSTEMS, INC.","HIV 1/2, Stat-Pak HIV, Kit, 20 Tests","HIV 1/2, Stat-Pak HIV, Kit",Stat-Pak,,Test kit,20,289,7803.0,27.0,1.35,Chembio Diagnostics Sys. Inc.,Yes,79,1104.69,15.29
83876,109-TZ-T30,FPQ-14135,SO-48921,DN-4089,Tanzania,PMO - US,From RDC,N/A - From RDC,Truck,4/24/14,N/A - From RDC,25-Feb-15,27-Jan-15,3-Feb-15,ARV,Pediatric,SCMS from RDC,"Lamivudine/Zidovudine 30/60mg, dispersible tablets, 60 Tabs",Lamivudine/Zidovudine,Generic,30/60mg,Chewable/dispersible tablet - FDC,60,20000,40000.0,2.0,0.03,"Cipla, Goa, India",Yes,1386,7061.2,41.12
51165,110-ZM-T30,FPQ-11390,SCMS-173910,ASN-18339,Zambia,PMO - US,Direct Drop,EXW,Air,1/8/13,1/23/13,15-Mar-13,15-Mar-13,15-Mar-13,HRDT,HIV test,"Trinity Biotech, Plc","HIV 1/2, Uni-Gold HIV Kit, 20 Tests","HIV 1/2, Uni-Gold HIV Kit",Uni-Gold,,Test kit,20,10500,336000.0,32.0,1.6,"Trinity Biotech, Plc",Yes,3445,39662.72,415.63
86718,111-MZ-T30,FPQ-13124,SO-47053,DN-3864,Mozambique,PMO - US,From RDC,N/A - From RDC,Truck,10/21/13,N/A - From RDC,29-Aug-14,27-Oct-14,7-Nov-14,ARV,Adult,SCMS from RDC,"Lamivudine/Nevirapine/Zidovudine 150/200/300mg, tablets, 60 Tabs",Lamivudine/Nevirapine/Zidovudine,Generic,150/300/200mg,Tablet - FDC,60,114324,927167.64,8.11,0.14,"Cipla, Goa, India",No,See DN-3864 (ID#:85518),See DN-3864 (ID#:85518),953.13
44516,104-CI-T30,FPQ-11294,SCMS-173130,ASN-19140,Côte d'Ivoire,PMO - US,Direct Drop,EXW,Air,12/14/12,1/15/13,26-Apr-13,26-Apr-13,26-Apr-13,HRDT,HIV test,"Orgenics, Ltd","HIV 1/2, Determine Complete HIV Kit, 100 Tests","HIV 1/2, Determine Complete HIV Kit",Determine,,Test kit,100,2104,168320.0,80.0,0.8,"Alere Medical Co., Ltd.",Yes,917,16661.34,208.21
44567,107-RW-T30,FPQ-10223,SCMS-152910,ASN-15894,Rwanda,PMO - US,Direct Drop,EXW,Air,7/5/12,7/16/12,9-Sep-12,9-Sep-12,9-Sep-12,ARV,Adult,Aurobindo Pharma Limited,"Nevirapine 200mg, tablets, 60 Tabs",Nevirapine,Generic,200mg,Tablet,60,57961,130412.25,2.25,0.04,"Aurobindo Unit III, India",Yes,5525,43237.33,182.84
10945,100-ZW-T01,Pre-PQ Process,SO-714,DN-709,Zimbabwe,PMO - US,From RDC,N/A - From RDC,Air,Pre-PQ Process,N/A - From RDC,21-Apr-08,21-Apr-08,21-Apr-08,ARV,Adult,SCMS from RDC,"Lamivudine/Stavudine 150/30mg, tablets, 30 Tabs",Lamivudine/Stavudine,Generic,150/30mg,Tablet - FDC,30,1600,3200.0,2.0,0.07,"Cipla, Goa, India",Yes,2519,15252.7,5.12
84837,151-NG-T30,FPQ-11771,SO-44757,DN-3251,Nigeria,PMO - US,From RDC,N/A - From RDC,Air Charter,2/28/13,N/A - From RDC,21-Aug-13,30-Jul-13,30-Jul-13,ARV,Adult,SCMS from RDC,"Lopinavir/Ritonavir 200/50mg, tablets, 120 Tabs",Lopinavir/Ritonavir,Generic,200/50mg,Tablet,120,43169,906549.0,21.0,0.18,"Aurobindo Unit III, India",No,Weight Captured Separately,Freight Included in Commodity Cost,1121.4
82529,102-ZW-T30,FPQ-9927,SO-42300,DN-2940,Zimbabwe,PMO - US,From RDC,N/A - From RDC,Truck,5/15/12,N/A - From RDC,21-Dec-12,11-Dec-12,11-Dec-12,ARV,Adult,SCMS from RDC,"Lamivudine/Tenofovir Disoproxil Fumarate 300/300mg, tablets, 30 Tabs",Lamivudine/Tenofovir Disoproxil Fumarate,Generic,300/300mg,Tablet - FDC,30,188201,1008757.36,5.36,0.18,Hetero Unit III Hyderabad IN,Yes,23127,11444.77,1414.28
11204,104-CI-T01,Pre-PQ Process,SO-604,DN-446,Côte d'Ivoire,PMO - US,From RDC,N/A - From RDC,Air,Pre-PQ Process,N/A - From RDC,30-Nov-07,30-Nov-07,30-Nov-07,ARV,Adult,SCMS from RDC,"Abacavir/Lamivudine/Zidovudine 300/150/300mg [Trizivir], tablets, 60 Tabs",Abacavir/Lamivudine/Zidovudine,Trizivir,300/150/300mg,Tablet - FDC,60,995,69650.0,70.0,1.17,GSK Ware (UK),Yes,219,1392,111.44
71382,133-NG-T30,FPQ-10349,SCMS-155321,ASN-17169,Nigeria,PMO - US,Direct Drop,EXW,Air,7/17/12,8/13/12,28-Nov-12,29-Nov-12,29-Nov-12,HRDT,HIV test,"Orgenics, Ltd","HIV 1/2, Determine Complete HIV Kit, 100 Tests","HIV 1/2, Determine Complete HIV Kit",Determine,,Test kit,100,2744,244216.0,89.0,0.89,"Alere Medical Co., Ltd.",Yes,1303,29251.24,342.39
58677,101-CD-T30,FPQ-14100,SCMS-239410,ASN-26738,"Congo, DRC",PMO - US,Direct Drop,EXW,Air,4/23/14,5/20/14,5-Sep-14,5-Sep-14,16-Sep-14,HRDT,HIV test,"Trinity Biotech, Plc","HIV 1/2, Uni-Gold HIV Kit, 20 Tests","HIV 1/2, Uni-Gold HIV Kit",Uni-Gold,,Test kit,20,7,224.0,32.0,1.6,"Trinity Biotech, Plc",No,See ASN-26738 (ID#:15115),See ASN-26738 (ID#:15115),0.23
12201,102-BW-T01,Pre-PQ Process,SO-2041,DN-678,Botswana,PMO - US,From RDC,N/A - From RDC,Truck,Pre-PQ Process,N/A - From RDC,25-Mar-08,25-Mar-08,25-Mar-08,HRDT,HIV test,SCMS from RDC,"HIV 1/2, Uni-Gold HIV Kit, 20 Tests","HIV 1/2, Uni-Gold HIV Kit",Uni-Gold,,Test kit,20,1000,32000.0,32.0,1.6,"Trinity Biotech, Plc",No,See DN-678 (ID#:12199),See DN-678 (ID#:12199),51.2
16398,107-RW-T30,FPQ-6341,SCMS-84930,ASN-12601,Rwanda,PMO - US,Direct Drop,EXW,Ocean,9/3/10,9/27/10,13-Dec-11,13-Dec-11,13-Dec-11,ARV,Adult,CIPLA LIMITED,"Lopinavir/Ritonavir 200/50mg, tablets, 120 Tabs",Lopinavir/Ritonavir,Generic,200/50mg,Tablet,120,23240,776216.0,33.4,0.28,Cipla Ltd A-42 MIDC Mahar. IN,Yes,6853,81246.12,1673.52
84562,104-CI-T30,FPQ-4659,SO-35600,DN-1825,Côte d'Ivoire,PMO - US,From RDC,N/A - From RDC,Air,12/8/09,N/A - From RDC,31-May-10,20-May-10,20-May-10,ARV,Pediatric,SCMS from RDC,"Stavudine 1mg/ml, powder for oral solution, 200 ml",Stavudine,Generic,1mg/ml,Oral solution,200,4550,6370.0,1.4,0.01,"Aurobindo Unit III, India",No,See DN-1825 (ID#:82884),See DN-1825 (ID#:82884),13.73
14241,111-MZ-T30,FPQ-13134,SCMS-215600,ASN-24703,Mozambique,PMO - US,Direct Drop,EXW,Air,11/12/13,11/26/13,9-Apr-14,9-Apr-14,8-Jul-14,ARV,Adult,Aurobindo Pharma Limited,"Didanosine 250mg, delayed-release capsules, 30 Caps",Didanosine,Generic,250mg,Delayed-release capsules,30,800,6064.0,7.58,0.25,"Aurobindo Unit III, India",Yes,77,979.14,6.23
54019,100-ZM-T30,FPQ-12546,SCMS-201860,ASN-21891,Zambia,PMO - US,Direct Drop,EXW,Ocean,6/27/13,8/19/13,25-Feb-14,25-Feb-14,25-Feb-14,ARV,Adult,Aurobindo Pharma Limited,"Efavirenz/Emtricitabine/Tenofovir Disoproxil Fumarate 600/200/300mg, tablets, 30 Tabs",Efavirenz/Emtricitabine/Tenofovir Disoproxil Fumarate,Generic,600/200/300mg,Tablet - FDC,30,77654,916317.2,11.8,0.39,"Aurobindo Unit VII, IN",Yes,8725,54417.75,1133.48
2441,114-UG-T01,Pre-PQ Process,SCMS-41240,ASN-3904,Uganda,PMO - US,Direct Drop,CIP,Air,Pre-PQ Process,3/19/09,4-May-09,4-May-09,4-May-09,ARV,Adult,BRISTOL-MYERS SQUIBB,"Didanosine EC 250mg [Videx EC], delayed-release capsules, Blister 3 x 10 Caps",Didanosine EC,Videx EC,250mg,Delayed-release capsules - blister,30,60,1100.4,18.34,0.61,"BMS Meymac, France",Yes,3000,428.91,2.16
47576,161-ZA-T30,FPQ-6262,SCMS-84210,ASN-10511,South Africa,PMO - US,Direct Drop,DDP,Ocean,8/31/10,9/21/10,5-Apr-11,30-May-11,30-May-11,ARV,Adult,CIPLA LIMITED,"Nevirapine 200mg, tablets, 60 Tabs",Nevirapine,Generic,200mg,Tablet,60,38400,107136.0,2.79,0.05,"Cipla, Goa, India",Yes,Weight Captured Separately,Freight Included in Commodity Cost,230.99
11188,110-ZM-T01,Pre-PQ Process,SO-572,DN-388,Zambia,PMO - US,From RDC,N/A - From RDC,,Pre-PQ Process,N/A - From RDC,9-Nov-07,9-Nov-07,9-Nov-07,ARV,Adult,SCMS from RDC,"Nevirapine 200mg, tablets, 60 Tabs",Nevirapine,Generic,200mg,Tablet,60,52864,188724.48,3.57,0.06,"Aurobindo Unit III, India",Yes,5989,19590.04,301.96
28181,161-ZA-T30,FPQ-7175,SCMS-103880,ASN-11458,South Africa,PMO - US,Direct Drop,DDP,Ocean,3/10/11,3/28/11,3-Nov-11,3-Nov-11,3-Nov-11,ARV,Adult,STRIDES ARCOLAB LIMITED,"Lamivudine 150mg, tablets, 60 Tabs",Lamivudine,Generic,150mg,Tablet,60,356876,867208.68,2.43,0.04,"Strides, Bangalore, India.",Yes,16391,20258.29,1430.89
84287,111-MZ-T30,FPQ-11884,SO-44865,DN-3318,Mozambique,PMO - US,From RDC,N/A - From RDC,Truck,3/19/13,N/A - From RDC,31-Oct-13,31-Oct-13,12-Nov-13,ARV,Adult,SCMS from RDC,"Efavirenz 600mg, tablets, 30 Tabs",Efavirenz,Generic,600mg,Tablet,30,70643,235241.19,3.33,0.11,"Hetero, Jadcherla, unit 5, IN",No,See DN-3318 (ID#:83716),See DN-3318 (ID#:83716),290.99
6561,116-ZA-T01,Pre-PQ Process,SCMS-46970,ASN-4822,South Africa,PMO - US,Direct Drop,DDP,Truck,Pre-PQ Process,6/5/09,28-Jul-09,5-Aug-09,5-Aug-09,ARV,Pediatric,S. BUYS WHOLESALER,"Lopinavir/Ritonavir 80/20mg/ml [Kaletra], oral solution, cool, Bottle 5 x 60 ml",Lopinavir/Ritonavir,Kaletra,80/20mg/ml,Oral solution,300,50,2099.0,41.98,0.14,ABBVIE (Abbott) Logis. UK,Yes,Weight Captured Separately,Freight Included in Commodity Cost,4.11
86380,110-ZM-T30,FPQ-6482,SO-38970,DN-2154,Zambia,PMO - US,From RDC,N/A - From RDC,Truck,10/15/10,N/A - From RDC,11-Apr-11,20-May-11,20-May-11,ARV,Adult,SCMS from RDC,"Nevirapine 200mg, tablets, 60 Tabs",Nevirapine,Generic,200mg,Tablet,60,10927,27426.77,2.51,0.04,Hetero Unit III Hyderabad IN,No,See DN-2154 (ID#:84084),See DN-2154 (ID#:84084),59.13
84284,110-ZM-T30,FPQ-10728,SO-44772,DN-3297,Zambia,PMO - US,From RDC,N/A - From RDC,Truck,10/5/12,N/A - From RDC,22-Oct-13,22-Oct-13,11-Nov-13,ARV,Adult,SCMS from RDC,"Efavirenz/Emtricitabine/Tenofovir Disoproxil Fumarate 600/200/300mg, tablets, 30 Tabs",Efavirenz/Emtricitabine/Tenofovir Disoproxil Fumarate,Generic,600/200/300mg,Tablet - FDC,30,16099,198017.7,12.3,0.41,Mylan (formerly Matrix) Nashik,Yes,2004,4356.75,277.62
17501,108-VN-T30,FPQ-12051,SCMS-188700,ASN-21668,Vietnam,PMO - US,Direct Drop,EXW,Air,5/3/13,5/15/13,25-Sep-13,25-Sep-13,25-Sep-13,ARV,Adult,HETERO LABS LIMITED,"Abacavir 300mg, tablets, 60 Tabs",Abacavir,Generic,300mg,Tablet,60,771,9444.75,12.25,0.2,Hetero Unit III Hyderabad IN,Yes,136,678.96,11.68
62990,108-VN-T30,FPQ-10811,SCMS-166120,ASN-17672,Vietnam,PMO - US,Direct Drop,EXW,Air,10/15/12,11/9/12,29-Jan-13,29-Jan-13,29-Jan-13,ARV,Pediatric,Aurobindo Pharma Limited,"Zidovudine 10mg/ml, oral solution w/syringe, Bottle, 240 ml",Zidovudine,Generic,10mg/ml,Oral solution,240,691,1451.1,2.1,0.01,"Aurobindo Unit III, India",No,See ASN-17672 (ID#:15352),See ASN-17672 (ID#:15352),1.8
85244,102-BI-T30,FPQ-9229,SO-41530,DN-2594,Burundi,PMO - US,From RDC,N/A - From RDC,Air,1/25/12,N/A - From RDC,26-Apr-12,4-May-12,4-May-12,ARV,Adult,SCMS from RDC,"Lopinavir/Ritonavir 200/50mg [Aluvia], tablets, 120 Tabs",Lopinavir/Ritonavir,Aluvia,200/50mg,Tablet,120,240,8097.6,33.74,0.28,ABBVIE Ludwigshafen Germany,No,See DN-2594 (ID#:83021),See DN-2594 (ID#:83021),11.35
85068,112-NG-T30,FPQ-4040,SO-32980,DN-1456,Nigeria,PMO - US,From RDC,N/A - From RDC,Air Charter,7/29/09,N/A - From RDC,15-Oct-09,20-Oct-09,20-Oct-09,ARV,Adult,SCMS from RDC,"Nevirapine 200mg, tablets, 60 Tabs",Nevirapine,Generic,200mg,Tablet,60,3000,8700.0,2.9,0.05,"Aurobindo Unit III, India",No,See DN-1456 (ID#:83952),See DN-1456 (ID#:83952),17.05
86052,101-CD-T30,FPQ-13554,SO-47630,DN-3561,"Congo, DRC",PMO - US,From RDC,N/A - From RDC,Air,1/15/14,N/A - From RDC,30-May-14,19-May-14,26-Jun-14,ARV,Adult,SCMS from RDC,"Efavirenz/Lamivudine/Tenofovir Disoproxil Fumarate 600/300/300mg, tablets, 30 Tabs",Efavirenz/Lamivudine/Tenofovir Disoproxil Fumarate,Generic,600/300/300mg,Tablet - FDC,30,4290,46632.3,10.87,0.36,Hetero Unit III Hyderabad IN,No,See DN-3561 (ID#:82654),See DN-3561 (ID#:82654),47.94
85462,110-ZM-T30,FPQ-13221,SO-47201,DN-3648,Zambia,PMO - US,From RDC,N/A - From RDC,Truck,10/31/13,N/A - From RDC,6-May-14,19-May-14,12-Jun-14,ARV,Adult,SCMS from RDC,"Lamivudine/Tenofovir Disoproxil Fumarate 300/300mg, tablets, 30 Tabs",Lamivudine/Tenofovir Disoproxil Fumarate,Generic,300/300mg,Tablet - FDC,30,123856,574691.84,4.64,0.15,Hetero Unit III Hyderabad IN,No,See DN-3648 (ID#:84360),See DN-3648 (ID#:84360),590.78
15115,101-CD-T30,FPQ-14100,SCMS-239410,ASN-26738,"Congo, DRC",PMO - US,Direct Drop,EXW,Air,4/23/14,5/20/14,5-Sep-14,5-Sep-14,16-Sep-14,HRDT,HIV test,"Trinity Biotech, Plc","HIV 1/2, Uni-Gold HIV Kit, 20 Tests","HIV 1/2, Uni-Gold HIV Kit",Uni-Gold,,Test kit,20,34,1088.0,32.0,1.6,"Trinity Biotech, Plc",Yes,112,3196.31,1.12
31368,901-NA-T30,FPQ-14728,SCMS-252630,ASN-29183,Namibia,PMO - US,Direct Drop,EXW,Air,7/30/14,8/19/14,25-Nov-14,25-Nov-14,26-Nov-14,ARV,Adult,MYLAN LABORATORIES LTD (FORMERLY MATRIX LABORATORIES),"Efavirenz/Emtricitabine/Tenofovir Disoproxil Fumarate 600/200/300mg, tablets, 30 Tabs",Efavirenz/Emtricitabine/Tenofovir Disoproxil Fumarate,Generic,600/200/300mg,Tablet - FDC,30,13000,136500.0,10.5,0.35,"Mylan,  H-12 & H-13, India",Yes,3575,17969.34,140.32
39441,110-ZM-T30,FPQ-9074,SCMS-134320,ASN-15274,Zambia,PMO - US,Direct Drop,EXW,Air,12/22/11,1/27/12,26-Jun-12,26-Jun-12,26-Jun-12,ARV,Pediatric,CIPLA LIMITED,"Lamivudine/Nevirapine/Stavudine 60/100/12mg, dispersible tablets, 60 Tabs",Lamivudine/Nevirapine/Stavudine,Generic,60/100/12mg,Chewable/dispersible tablet - FDC,60,70000,301000.0,4.3,0.07,"Cipla, Goa, India",Yes,5999,25383.34,422.0
85241,151-NG-T30,FPQ-8952,SO-41265,DN-2567,Nigeria,PMO - US,From RDC,N/A - From RDC,Air Charter,12/8/11,N/A - From RDC,20-Jun-12,16-Feb-12,16-Feb-12,ARV,Adult,SCMS from RDC,"Lamivudine 150mg, tablets, 60 Tabs",Lamivudine,Generic,150mg,Tablet,60,19501,45437.33,2.33,0.04,Hetero Unit III Hyderabad IN,Yes,2046,25231.96,63.7
9567,116-ZA-T01,Pre-PQ Process,SCMS-16600,ASN-1520,South Africa,PMO - US,Direct Drop,DDP,,Pre-PQ Process,1/4/08,21-Jan-08,4-Jan-08,4-Jan-08,ARV,Adult,"JSI R&T INSTITUTE, INC.","Tenofovir Disoproxil Fumarate 300mg [Viread], tablets, 30 Tabs",Tenofovir Disoproxil Fumarate,Viread,300mg,Tablet,30,150,3838.5,25.59,0.85,"Aspen-OSD, Port Elizabeth, SA",No,Weight Captured Separately,Freight Included in Commodity Cost,6.14
4258,116-ZA-T01,Pre-PQ Process,SCMS-16600,ASN-1520,South Africa,PMO - US,Direct Drop,DDP,,Pre-PQ Process,1/4/08,21-Jan-08,4-Jan-08,4-Jan-08,ARV,Adult,"JSI R&T INSTITUTE, INC.","Zidovudine 300mg [Retrovir], tablets, 60 Tabs",Zidovudine,Retrovir,300mg,Tablet,60,800,13960.0,17.45,0.29,GSK Aranda,No,Weight Captured Separately,Freight Included in Commodity Cost,22.34
86773,114-UG-T30,FPQ-14396,SO-49011,DN-4100,Uganda,PMO - US,From RDC,N/A - From RDC,Truck,6/4/14,N/A - From RDC,6-Feb-15,30-Jan-15,2-Feb-15,ARV,Pediatric,SCMS from RDC,"Lamivudine/Nevirapine/Zidovudine 30/50/60mg, dispersible tablets, 60 Tabs",Lamivudine/Nevirapine/Zidovudine,Generic,30/50/60mg,Chewable/dispersible tablet - FDC,60,5000,18650.0,3.73,0.06,Mylan (formerly Matrix) Nashik,Yes,297,1326,19.17
13568,116-ZA-T30,FPQ-14942,SCMS-259074,ASN-31070,South Africa,PMO - US,Direct Drop,DDP,Truck,9/11/14,3/9/15,9-Mar-15,9-Mar-15,9-Mar-15,ARV,Adult,PHARMACY DIRECT,"Efavirenz 600mg, tablets, 30 Tabs",Efavirenz,Generic,600mg,Tablet,30,139,1566.38,11.27,0.38,"Aurobindo Unit III, India",Yes,Weight Captured Separately,Freight Included in Commodity Cost,1.61
45848,101-CD-T30,FPQ-12093,SCMS-189060,ASN-20771,"Congo, DRC",PMO - US,Direct Drop,FCA,Air,4/23/13,5/23/13,20-Nov-13,18-Nov-13,5-Dec-13,ARV,Pediatric,ABBVIE LOGISTICS (FORMERLY ABBOTT LOGISTICS BV),"Lopinavir/Ritonavir 80/20mg/ml [Kaletra], oral solution, cool, Bottle 5 x 60 ml",Lopinavir/Ritonavir,Kaletra,80/20mg/ml,Oral solution,300,20,616.4,30.82,0.1,ABBVIE (Abbott) Logis. UK,Yes,52,1573.41,0.76
12318,104-CI-T01,Pre-PQ Process,SO-33250,DN-1428,Côte d'Ivoire,PMO - US,From RDC,N/A - From RDC,Air,Date Not Captured,N/A - From RDC,21-Sep-09,21-Sep-09,21-Sep-09,ARV,Adult,SCMS from RDC,"Emtricitabine/Tenofovir Disoproxil Fumarate 200/300mg, tablets, 30 Tabs",Emtricitabine/Tenofovir Disoproxil Fumarate,Generic,200/300mg,Tablet - FDC,30,666,7825.5,11.75,0.39,Mylan (formerly Matrix) Nashik,Yes,54,1713.01,15.34
51928,117-ET-T30,FPQ-4502,SCMS-58060,ASN-5747,Ethiopia,PMO - US,Direct Drop,EXW,Air,10/27/09,11/25/09,30-Dec-09,30-Dec-09,30-Dec-09,ARV,Adult,MYLAN LABORATORIES LTD (FORMERLY MATRIX LABORATORIES),"Lamivudine 150mg, tablets, 60 Tabs",Lamivudine,Generic,150mg,Tablet,60,50000,130000.0,2.6,0.04,Mylan (formerly Matrix) Nashik,Yes,2504,7354.24,280.28
83571,104-CI-T30,FPQ-8787,SO-41151,DN-2557,Côte d'Ivoire,PMO - US,From RDC,N/A - From RDC,Air,11/11/11,N/A - From RDC,16-Apr-12,24-Feb-12,24-Feb-12,ARV,Adult,SCMS from RDC,"Efavirenz/Emtricitabine/Tenofovir Disoproxil Fumarate 600/200/300mg, tablets, 30 Tabs",Efavirenz/Emtricitabine/Tenofovir Disoproxil Fumarate,Generic,600/200/300mg,Tablet - FDC,30,7140,119452.2,16.73,0.56,Mylan (formerly Matrix) Nashik,Yes,779,4646.13,167.47
86298,151-NG-T30,FPQ-4537,SO-35021,DN-1802,Nigeria,PMO - US,From RDC,N/A - From RDC,Air Charter,11/6/09,N/A - From RDC,31-May-10,18-May-10,18-May-10,ARV,Adult,SCMS from RDC,"Efavirenz/Emtricitabine/Tenofovir Disoproxil Fumarate 600/200/300mg, tablets, 30 Tabs",Efavirenz/Emtricitabine/Tenofovir Disoproxil Fumarate,Generic,600/200/300mg,Tablet - FDC,30,52000,1035840.0,19.92,0.66,Mylan (formerly Matrix) Nashik,Yes,5701,9736.1,2233.27
84051,117-ET-T30,FPQ-6428,SO-37940,DN-2049,Ethiopia,PMO - US,From RDC,N/A - From RDC,Air,9/24/10,N/A - From RDC,19-Nov-10,17-Nov-10,17-Nov-10,ARV,Adult,SCMS from RDC,"Zidovudine 300mg, tablets, 60 Tabs",Zidovudine,Generic,300mg,Tablet,60,1660,11968.6,7.21,0.12,"Aurobindo Unit III, India",Yes,90,866.71,25.8
84474,151-NG-T30,FPQ-14989,SO-51426,DN-4280,Nigeria,PMO - US,From RDC,N/A - From RDC,Air Charter,9/19/14,N/A - From RDC,30-Jun-15,15-May-15,22-May-15,ARV,Adult,SCMS from RDC,"Lamivudine/Nevirapine/Zidovudine 150/200/300mg, tablets, 60 Tabs",Lamivudine/Nevirapine/Zidovudine,Generic,150/300/200mg,Tablet - FDC,60,14000,108080.0,7.72,0.13,"Cipla, Goa, India",Yes,1983,4065,111.11
82960,111-MZ-T30,FPQ-7053,SO-40060,DN-2268,Mozambique,PMO - US,From RDC,N/A - From RDC,Truck,1/24/11,N/A - From RDC,31-Aug-11,1-Sep-11,1-Sep-11,ARV,Adult,SCMS from RDC,"Lamivudine/Nevirapine/Zidovudine 150/200/300mg, tablets, 60 Tabs",Lamivudine/Nevirapine/Zidovudine,Generic,150/300/200mg,Tablet - FDC,60,125202,1404766.44,11.22,0.19,Mylan (formerly Matrix) Nashik,Yes,34813,14716.83,2317.86
26188,109-TZ-T30,FPQ-7909,SCMS-114980,ASN-11930,Tanzania,PMO - US,Direct Drop,EXW,Air,6/24/11,7/18/11,29-Sep-11,29-Sep-11,29-Sep-11,HRDT,HIV test,"Standard Diagnostics, Inc.","HIV 1/2, Bioline 3.0 Kit, Lancets, Capillary pipets, Alcohol swabs included, 25 Tests","HIV 1/2, Bioline 3.0 Kit, Lancets, Capillary pipets, Alcohol swabs included",Bioline,,Test kit,25,10000,200000.0,20.0,0.8,"Standard Diagnostics, Korea",Yes,3334,23030.38,330.0
11258,111-MZ-T01,Pre-PQ Process,SO-1615,DN-698,Mozambique,PMO - US,From RDC,N/A - From RDC,Air,Pre-PQ Process,N/A - From RDC,23-Jun-08,23-Jun-08,23-Jun-08,ARV,Adult,SCMS from RDC,"Zidovudine 300mg, tablets, 60 Tabs",Zidovudine,Generic,300mg,Tablet,60,3060,24939.0,8.15,0.14,"Aurobindo Unit III, India",No,See DN-698 (ID#:10970),See DN-698 (ID#:10970),39.9
86341,151-NG-T30,FPQ-5688,SO-37500,DN-2025,Nigeria,PMO - US,From RDC,N/A - From RDC,Air,5/27/10,N/A - From RDC,22-Oct-10,10-Nov-10,10-Nov-10,ARV,Adult,SCMS from RDC,"Efavirenz 600mg, tablets, 30 Tabs",Efavirenz,Generic,600mg,Tablet,30,48860,212052.4,4.34,0.14,"Aurobindo Unit III, India",No,See DN-2025 (ID#:83460),See DN-2025 (ID#:83460),457.18
84981,110-ZM-T30,FPQ-14575,SO-49281,DN-3943,Zambia,PMO - US,From RDC,N/A - From RDC,Truck,7/11/14,N/A - From RDC,30-Nov-14,23-Sep-14,17-Oct-14,ARV,Pediatric,SCMS from RDC,"Nevirapine 10mg/ml, oral suspension w/syringe, Bottle, 240 ml",Nevirapine,Generic,10mg/ml,Oral suspension,240,10000,13000.0,1.3,0.01,"Aurobindo Unit III, India",Yes,3731,4329.61,13.36
25074,111-MZ-T30,FPQ-14294,SCMS-247360,ASN-27768,Mozambique,PMO - US,Direct Drop,EXW,Air,5/15/14,7/30/14,10-Sep-14,10-Sep-14,3-Oct-14,HRDT,HIV test,"Orgenics, Ltd","HIV 1/2, Determine Complete HIV Kit, 100 Tests","HIV 1/2, Determine Complete HIV Kit",Determine,,Test kit,100,3319,265520.0,80.0,0.8,"Alere Medical Co., Ltd.",Yes,1351,9168.48,272.95
1122,106-HT-T01,Pre-PQ Process,SCMS-42720,ASN-4787,Haiti,PMO - US,Direct Drop,EXW,Air,Pre-PQ Process,4/2/09,16-Sep-09,16-Sep-09,16-Sep-09,HRDT,HIV test,Orasure Technologies Inc.,"HIV 1/2, OraQuick Advance HIV Rapid Antibody Kit, 100 Tests","HIV 1/2, OraQuick Advance HIV Rapid Antibody Kit",OraQuick,,Test kit,100,60,21000.0,350.0,3.5,"Pacific Biotech, Thailand",Yes,144,3128.19,41.16
18494,117-ET-T30,FPQ-9096,SCMS-133400,ASN-14924,Ethiopia,PMO - US,Direct Drop,EXW,Air,1/5/12,1/23/12,18-May-12,18-May-12,18-May-12,HRDT,HIV test,"SHANGHAI KEHUA BIOENGINEERING CO.,LTD.  (KHB)","HIV 1/2, SKB Colloidal Gold, Diagnostic Kit, Antibody, 50 Tests","HIV 1/2, Colloidal Gold, Diagnostic Kit, Antibody",Colloidal Gold,,Test kit,1,175,4287.5,24.5,24.5,"KHB Test Kit Facility, Shanghai China",Yes,128,1584.09,6.01
86441,101-CD-T30,FPQ-8840,SO-41135,DN-2497,"Congo, DRC",PMO - US,From RDC,N/A - From RDC,Air,11/21/11,N/A - From RDC,16-Mar-12,14-Feb-12,14-Feb-12,ARV,Adult,SCMS from RDC,"Nevirapine 200mg, tablets, 60 Tabs",Nevirapine,Generic,200mg,Tablet,60,21,54.18,2.58,0.04,"Strides, Bangalore, India.",No,See DN-2497 (ID#:82435),See DN-2497 (ID#:82435),0.08
81581,116-ZA-T30,FPQ-11828,SCMS-183950,ASN-19166,South Africa,South Africa Field Office,Direct Drop,DDP,Truck,3/18/13,Date Not Captured,16-Apr-13,16-Apr-13,16-Apr-13,ARV,Adult,S. BUYS WHOLESALER,"Stavudine 20mg [Zerit], capsules, 60 Caps",Stavudine,Zerit,20mg,Capsule,60,71,367.73,5.18,0.09,Bristol-Myers Squibb Anagni IT,No,Weight Captured Separately,Freight Included in Commodity Cost,0.45
20761,114-UG-T30,FPQ-14325,SCMS-244400,ASN-28662,Uganda,PMO - US,Direct Drop,CIP,Air,5/26/14,6/23/14,28-Oct-14,28-Oct-14,28-Oct-14,ARV,Adult,MERCK SHARP & DOHME IDEA GMBH (FORMALLY MERCK SHARP & DOHME B.V.),"Raltegravir 400mg [Isentress], tablets, 60 Tabs",Raltegravir,Isentress,400mg,Tablet,60,1299,72094.5,55.5,0.92,"MSD, Haarlem, NL",Yes,137,309.95,74.11
82333,104-CI-T30,FPQ-5201,SO-36310,DN-1880,Côte d'Ivoire,PMO - US,From RDC,N/A - From RDC,Air,3/3/10,N/A - From RDC,9-Jul-10,5-Jul-10,5-Jul-10,ARV,Pediatric,SCMS from RDC,"Nevirapine 10mg/ml, oral suspension, Bottle, 240 ml",Nevirapine,Generic,10mg/ml,Oral suspension,240,3872,7085.76,1.83,0.01,"Aurobindo Unit III, India",Yes,1451,5121.68,15.28
14097,102-BI-T30,FPQ-14594,SCMS-250110,ASN-28194,Burundi,PMO - US,Direct Drop,EXW,Air,7/17/14,8/6/14,6-Oct-14,6-Oct-14,6-Oct-14,HRDT,HIV test,"Orgenics, Ltd","HIV 1/2, Determine Complete HIV Kit, 100 Tests","HIV 1/2, Determine Complete HIV Kit",Determine,,Test kit,100,3484,278720.0,80.0,0.8,"Alere Medical Co., Ltd.",Yes,1415,33228.68,286.52
85282,104-CI-T30,FPQ-9063,SO-41351,DN-2755,Côte d'Ivoire,PMO - US,From RDC,N/A - From RDC,Truck,12/21/11,N/A - From RDC,31-Jul-12,31-Jul-12,31-Jul-12,ARV,Pediatric,SCMS from RDC,"Abacavir 20mg/ml, oral solution w/syringe, Bottle, 240 ml",Abacavir,Generic,20mg/ml,Oral solution,240,608,7600.0,12.5,0.05,"Aurobindo Unit III, India",Yes,223,2641.45,10.66
40365,106-HT-T30,FPQ-15038,SCMS-262840,ASN-31821,Haiti,PMO - US,Direct Drop,EXW,Ocean,10/22/14,12/24/14,3-Jul-15,3-Jul-15,13-Jul-15,ARV,Pediatric,MYLAN LABORATORIES LTD (FORMERLY MATRIX LABORATORIES),"Lamivudine/Zidovudine 30/60mg, tablets, 60 Tabs",Lamivudine/Zidovudine,Generic,30/60mg,Tablet - FDC,60,6000,11940.0,1.99,0.03,Mylan (formerly Matrix) Nashik,Yes,Weight Captured Separately,Invoiced Separately,12.27
71909,104-CI-T30,FPQ-10764,SCMS-162871,ASN-19031,Côte d'Ivoire,PMO - US,Direct Drop,EXW,Air,10/10/12,10/22/12,19-Apr-13,19-Apr-13,19-Apr-13,HRDT,HIV test,BIO-RAD LABORATORIES (FRANCE),"HIV 1/2, Genie III Kit, 50 Tests","HIV 1/2, Genie III Kit",Genie,,Test kit,50,300,27300.0,91.0,1.82,Bio-Rad Laboratories,Yes,160,2595.63,38.27
82599,111-MZ-T30,FPQ-11033,SO-43780,DN-3281,Mozambique,PMO - US,From RDC,N/A - From RDC,Truck,11/12/12,N/A - From RDC,27-Sep-13,27-Sep-13,27-Sep-13,ARV,Adult,SCMS from RDC,"Efavirenz 600mg, tablets, 30 Tabs",Efavirenz,Generic,600mg,Tablet,30,40250,134032.5,3.33,0.11,"Hetero, Jadcherla, unit 5, IN",Yes,4223,4044.33,165.8
85798,151-NG-T30,FPQ-8364,SO-40725,DN-2402,Nigeria,PMO - US,From RDC,N/A - From RDC,Air Charter,8/29/11,N/A - From RDC,2-Mar-12,14-Oct-11,14-Oct-11,ARV,Adult,SCMS from RDC,"Lamivudine/Zidovudine 150/300mg, tablets, 60 Tabs",Lamivudine/Zidovudine,Generic,150/300mg,Tablet - FDC,60,88433,730456.58,8.26,0.14,"Aurobindo Unit III, India",Yes,8935,21326.73,1205.25
11661,114-UG-T01,Pre-PQ Process,SO-32120,DN-1303,Uganda,PMO - US,From RDC,N/A - From RDC,Air,Date Not Captured,N/A - From RDC,14-Aug-09,14-Aug-09,14-Aug-09,ARV,Adult,SCMS from RDC,"Nevirapine 200mg, tablets, 60 Tabs",Nevirapine,Generic,200mg,Tablet,60,2844,8247.6,2.9,0.05,"Aurobindo Unit III, India",Yes,1587,11206.84,16.17
86723,151-NG-T30,FPQ-13704,SO-48321,DN-3915,Nigeria,PMO - US,From RDC,N/A - From RDC,Air Charter,2/13/14,N/A - From RDC,30-Sep-14,3-Sep-14,5-Sep-14,ARV,Pediatric,SCMS from RDC,"Efavirenz 200mg, scored tablets, 90 Tabs",Efavirenz,Generic,200mg,Tablet,90,635,5905.5,9.3,0.1,"Strides, Bangalore, India.",Yes,65,177,6.07
84649,151-NG-T30,FPQ-6800,SO-38250,DN-2175,Nigeria,PMO - US,From RDC,N/A - From RDC,Air Charter,12/7/10,N/A - From RDC,21-Jun-11,11-May-11,11-May-11,ARV,Adult,SCMS from RDC,"Nevirapine 200mg, tablets, 60 Tabs",Nevirapine,Generic,200mg,Tablet,60,41142,103266.42,2.51,0.04,"Strides, Bangalore, India.",Yes,2822,12601.12,170.39
59928,108-VN-T30,FPQ-12187,SCMS-188540,ASN-21694,Vietnam,PMO - US,Direct Drop,EXW,Air,5/3/13,5/10/13,11-Oct-13,11-Oct-13,11-Oct-13,ARV,Adult,MYLAN LABORATORIES LTD (FORMERLY MATRIX LABORATORIES),"Efavirenz/Lamivudine/Tenofovir Disoproxil Fumarate 600/300/300mg, tablets, 30 Tabs",Efavirenz/Lamivudine/Tenofovir Disoproxil Fumarate,Generic,600/300/300mg,Tablet - FDC,30,14500,166605.0,11.49,0.38,Mylan (formerly Matrix) Nashik,Yes,1640,2503.07,206.09
56899,109-TZ-T30,FPQ-12197,SCMS-189360,ASN-21235,Tanzania,PMO - US,Direct Drop,EXW,Air,4/30/13,5/29/13,17-Sep-13,16-Sep-13,16-Sep-13,HRDT,HIV test,"Standard Diagnostics, Inc.","HIV 1/2, Determine Complete HIV Kit, 100 Tests","HIV 1/2, Determine Complete HIV Kit",Determine,,Test kit,100,2330,0.0,0.0,0.0,"Alere Medical Co., Ltd.",Yes,965,16382.89,0.0
83683,151-NG-T30,FPQ-11771,SO-44751,DN-3144,Nigeria,PMO - US,From RDC,N/A - From RDC,Air Charter,2/28/13,N/A - From RDC,21-Aug-13,3-May-13,3-May-13,ARV,Adult,SCMS from RDC,"Abacavir/Lamivudine 600/300mg, scored tablets, 30 Tabs",Abacavir/Lamivudine,Generic,600/300mg,Tablet - FDC,30,3820,55657.4,14.57,0.49,"Aurobindo Unit III, India",Yes,3917,14547.55,68.85
38095,116-ZA-T30,FPQ-13973,SCMS-238551,ASN-26882,South Africa,PMO - US,Direct Drop,DDP,Truck,4/30/14,6/25/14,25-Jun-14,25-Jun-14,25-Jun-14,ARV,Adult,PHARMACY DIRECT,"Didanosine 250mg, delayed-release capsules, 30 Caps",Didanosine,Generic,250mg,Delayed-release capsules,30,5,76.23,15.25,0.51,"Aurobindo Unit III, India",No,Weight Captured Separately,Freight Included in Commodity Cost,0.08
84386,102-BI-T30,FPQ-14112,SO-48610,DN-3804,Burundi,PMO - US,From RDC,N/A - From RDC,Air,4/18/14,N/A - From RDC,31-Jul-14,25-Jul-14,1-Aug-14,ARV,Adult,SCMS from RDC,"Lamivudine/Nevirapine/Zidovudine 150/200/300mg, tablets, 60 Tabs",Lamivudine/Nevirapine/Zidovudine,Generic,150/300/200mg,Tablet - FDC,60,1056,8564.16,8.11,0.14,Hetero Unit III Hyderabad IN,Yes,155,994.25,8.8
82650,109-TZ-T30,FPQ-12354,SO-45742,DN-3532,Tanzania,PMO - US,From RDC,N/A - From RDC,Truck,5/16/13,N/A - From RDC,31-Jan-14,19-Feb-14,24-Feb-14,ARV,Adult,SCMS from RDC,"Efavirenz/Lamivudine/Tenofovir Disoproxil Fumarate 600/300/300mg, tablets, 30 Tabs",Efavirenz/Lamivudine/Tenofovir Disoproxil Fumarate,Generic,600/300/300mg,Tablet - FDC,30,46066,500737.42,10.87,0.36,Mylan (formerly Matrix) Nashik,Yes,5175,3541.59,619.41
83543,110-ZM-T30,FPQ-8383,SO-40730,DN-2398,Zambia,PMO - US,From RDC,N/A - From RDC,Truck,9/11/11,N/A - From RDC,3-Nov-11,15-Nov-11,15-Nov-11,ARV,Adult,SCMS from RDC,"Emtricitabine/Tenofovir Disoproxil Fumarate 200/300mg, tablets, 30 Tabs",Emtricitabine/Tenofovir Disoproxil Fumarate,Generic,200/300mg,Tablet - FDC,30,26060,233758.2,8.97,0.3,"Aurobindo Unit III, India",Yes,2409,9346.8,385.7
85814,101-CD-T30,FPQ-8840,SO-41131,DN-2493,"Congo, DRC",PMO - US,From RDC,N/A - From RDC,Air,11/21/11,N/A - From RDC,16-Mar-12,14-Feb-12,14-Feb-12,ARV,Adult,SCMS from RDC,"Lamivudine/Nevirapine/Zidovudine 150/200/300mg, tablets, 60 Tabs",Lamivudine/Nevirapine/Zidovudine,Generic,150/300/200mg,Tablet - FDC,60,174,1914.0,11.0,0.18,Mylan (formerly Matrix) Nashik,No,See DN-2493 (ID#:82432),See DN-2493 (ID#:82432),2.68
82936,114-UG-T30,FPQ-6427,SO-37540,DN-2109,Uganda,PMO - US,From RDC,N/A - From RDC,Truck,9/29/10,N/A - From RDC,22-Feb-11,28-Feb-11,28-Feb-11,ARV,Adult,SCMS from RDC,"Efavirenz 600mg, tablets, 30 Tabs",Efavirenz,Generic,600mg,Tablet,30,52231,226682.54,4.34,0.14,Hetero Unit III Hyderabad IN,Yes,4447,17711.71,488.73
45158,108-VN-T30,FPQ-5317,SCMS-69230,ASN-7571,Vietnam,PMO - US,Direct Drop,FCA,Air,3/22/10,3/31/10,31-Jul-10,31-Jul-10,31-Jul-10,ARV,Adult,ABBVIE LOGISTICS (FORMERLY ABBOTT LOGISTICS BV),"Lopinavir/Ritonavir 200/50mg [Aluvia], tablets, 120 Tabs",Lopinavir/Ritonavir,Aluvia,200/50mg,Tablet,120,1010,83022.0,82.2,0.68,ABBVIE Ludwigshafen Germany,Yes,255,8227.99,179.0
84857,113-ZW-T30,FPQ-11545,SO-44350,DN-3337,Zimbabwe,PMO - US,From RDC,N/A - From RDC,Truck,1/24/13,N/A - From RDC,30-Sep-13,9-Oct-13,1-Nov-13,ARV,Adult,SCMS from RDC,"Nevirapine 200mg, tablets, 60 Tabs",Nevirapine,Generic,200mg,Tablet,60,131520,303811.2,2.31,0.04,Hetero Unit III Hyderabad IN,No,See DN-3337 (ID#:84290),See DN-3337 (ID#:84290),375.81
4301,110-ZM-T01,Pre-PQ Process,SCMS-18240,ASN-1788,Zambia,PMO - US,Direct Drop,EXW,Air,Pre-PQ Process,2/29/08,6-Jun-08,6-Jun-08,6-Jun-08,HRDT,HIV test,"Orgenics, Ltd","HIV 1/2, Determine HIV Kit, without Lancets, 100 Tests","HIV 1/2, Determine HIV Kit, without Lancets",Determine,,Test kit,100,4300,309557.0,71.99,0.72,Inverness Japan,Yes,979,8690.26,495.29
51346,116-ZA-T30,FPQ-15269,SCMS-267020,ASN-29764,South Africa,PMO - US,Direct Drop,DDP,Truck,10/29/14,12/10/14,10-Dec-14,10-Dec-14,10-Dec-14,ARV,Adult,S. BUYS WHOLESALER,"Lopinavir/Ritonavir 200/50mg [Aluvia], tablets, 120 Tabs",Lopinavir/Ritonavir,Aluvia,200/50mg,Tablet,120,47,971.91,20.68,0.17,ABBVIE Ludwigshafen Germany,No,Weight Captured Separately,Freight Included in Commodity Cost,1.14
4192,107-RW-T01,Pre-PQ Process,SCMS-14140,ASN-1028,Rwanda,PMO - US,Direct Drop,EXW,Air,Pre-PQ Process,11/16/07,10-Jan-08,10-Jan-08,10-Jan-08,HRDT,HIV test,"Trinity Biotech, Plc","HIV 1/2, Uni-Gold HIV Kit, 20 Tests","HIV 1/2, Uni-Gold HIV Kit",Uni-Gold,,Test kit,20,2450,78400.0,32.0,1.6,"Trinity Biotech, Plc",No,See ASN-1028 (ID#:2927),See ASN-1028 (ID#:2927),125.44
26895,901-CM-T30,FPQ-12837,SCMS-204290,ASN-23339,Cameroon,PMO - US,Direct Drop,EXW,Air,8/19/13,8/23/13,8-Jan-14,8-Jan-14,10-Jan-14,ARV,Adult,Aurobindo Pharma Limited,"Efavirenz/Lamivudine/Tenofovir Disoproxil Fumarate 600/300/300mg, tablets, 30 Tabs",Efavirenz/Lamivudine/Tenofovir Disoproxil Fumarate,Generic,600/300/300mg,Tablet - FDC,30,1531,17070.65,11.15,0.37,"Aurobindo Unit VII, IN",Yes,Weight Captured Separately,Invoiced Separately,21.12
84050,151-NG-T30,FPQ-5688,SO-37500,DN-2025,Nigeria,PMO - US,From RDC,N/A - From RDC,Air,5/27/10,N/A - From RDC,22-Oct-10,10-Nov-10,10-Nov-10,ARV,Adult,SCMS from RDC,"Lamivudine/Zidovudine 150/300mg, tablets, 60 Tabs",Lamivudine/Zidovudine,Generic,150/300mg,Tablet - FDC,60,72023,615796.65,8.55,0.14,"Aurobindo Unit III, India",No,See DN-2025 (ID#:83460),See DN-2025 (ID#:83460),1327.66
84258,113-ZW-T30,FPQ-11002,SO-43721,DN-3145,Zimbabwe,PMO - US,From RDC,N/A - From RDC,Truck,11/16/12,N/A - From RDC,30-May-13,29-Apr-13,29-Apr-13,ARV,Adult,SCMS from RDC,"Lamivudine/Tenofovir Disoproxil Fumarate 300/300mg, tablets, 30 Tabs",Lamivudine/Tenofovir Disoproxil Fumarate,Generic,300/300mg,Tablet - FDC,30,40534,190509.8,4.7,0.16,"Aurobindo Unit VII, IN",Yes,3749,9708.48,235.66
26917,117-ET-T30,FPQ-6608,SCMS-92100,ASN-9295,Ethiopia,PMO - US,Direct Drop,EXW,Air,11/9/10,11/24/10,13-Jan-11,13-Jan-11,13-Jan-11,HRDT,HIV test,"SHANGHAI KEHUA BIOENGINEERING CO.,LTD.  (KHB)","HIV 1/2, SKB Colloidal Gold, Diagnostic Kit, Antibody, 50 Tests","HIV 1/2, Colloidal Gold, Diagnostic Kit, Antibody",Colloidal Gold,,Test kit,1,990,22770.0,23.0,23.0,"KHB Test Kit Facility, Shanghai China",Yes,718,6161.42,37.57
63401,114-UG-T30,FPQ-12290,SCMS-192180,ASN-24273,Uganda,PMO - US,Direct Drop,CIP,Air,5/17/13,7/3/13,14-Feb-14,14-Feb-14,19-Feb-14,ARV,Adult,ASPEN PHARMACARE,"Darunavir 300mg [Prezista], tablets, 120 Tabs",Darunavir,Prezista,300mg,Tablet,120,454,30236.4,66.6,0.55,"Aspen-OSD, Port Elizabeth, SA",Yes,79,281.94,37.4
11350,111-MZ-T01,Pre-PQ Process,SO-32560,DN-1395,Mozambique,PMO - US,From RDC,N/A - From RDC,Truck,Date Not Captured,N/A - From RDC,7-Oct-09,7-Oct-09,7-Oct-09,ARV,Adult,SCMS from RDC,"Efavirenz 600mg, tablets, 30 Tabs",Efavirenz,Generic,600mg,Tablet,30,8438,82017.36,9.72,0.32,"Aurobindo Unit III, India",Yes,1404,1588.05,160.75
34062,108-VN-T30,FPQ-12051,SCMS-188651,ASN-24041,Vietnam,PMO - US,Direct Drop,EXW,Air,5/3/13,11/28/13,30-May-14,30-May-14,31-May-14,ARV,Adult,MYLAN LABORATORIES LTD (FORMERLY MATRIX LABORATORIES),"Lamivudine/Zidovudine 150/300mg, tablets, 60 Tabs",Lamivudine/Zidovudine,Generic,150/300mg,Tablet - FDC,60,9789,66075.75,6.75,0.11,Mylan (formerly Matrix) Nashik,Yes,1585,2965.32,81.74
9040,116-ZA-T01,Pre-PQ Process,SCMS-41190,ASN-3732,South Africa,PMO - US,Direct Drop,DDP,Air,Pre-PQ Process,Date Not Captured,30-Mar-09,21-Jan-09,21-Jan-09,ARV,Pediatric,S. BUYS WHOLESALER,"Zidovudine 10mg/ml [Retrovir], oral solution, Bottle, 200 ml",Zidovudine,Retrovir,10mg/ml,Oral solution,200,140,833.0,5.95,0.03,GSK Mississauga (Canada),No,Weight Captured Separately,Freight Included in Commodity Cost,1.63
74465,106-HT-T30,FPQ-6941,SCMS-100090,ASN-10006,Haiti,PMO - US,Direct Drop,FCA,Air,1/3/11,2/15/11,5-Apr-11,5-Apr-11,5-Apr-11,ARV,Pediatric,BRISTOL-MYERS SQUIBB,"Didanosine 50mg [Videx], chewable tablets, 60 Tabs",Didanosine,Videx,50mg,Chewable/dispersible tablet,60,200,1900.0,9.5,0.16,"BMS Meymac, France",Yes,94,757.42,3.14
85706,104-CI-T30,FPQ-5623,SO-36880,DN-2011,Côte d'Ivoire,PMO - US,From RDC,N/A - From RDC,Air,5/7/10,N/A - From RDC,30-Sep-10,25-Sep-10,25-Sep-10,ARV,Pediatric,SCMS from RDC,"Abacavir 20mg/ml, oral solution, Bottle, 240 ml",Abacavir,Generic,20mg/ml,Oral solution,240,116,1577.6,13.6,0.06,"Aurobindo Unit III, India",No,See DN-2011 (ID#:82350),See DN-2011 (ID#:82350),3.4
70812,109-TZ-T30,FPQ-10546,SCMS-159630,ASN-17948,Tanzania,PMO - US,Direct Drop,FCA,Air,8/24/12,9/12/12,15-Mar-13,15-Mar-13,15-Mar-13,ARV,Pediatric,ABBVIE LOGISTICS (FORMERLY ABBOTT LOGISTICS BV),"Lopinavir/Ritonavir 100/25mg [Aluvia], tablets, 60 Tabs",Lopinavir/Ritonavir,Generic,100/25mg,Tablet,60,407,2592.59,6.37,0.11,ABBVIE Ludwigshafen Germany,Yes,68,1264.16,3.63
6849,107-RW-T01,Pre-PQ Process,SCMS-14221,ASN-1596,Rwanda,PMO - US,Direct Drop,CIP,Air,Pre-PQ Process,11/21/07,28-Apr-08,28-Apr-08,28-Apr-08,ARV,Adult,CIPLA LIMITED,"Lamivudine/Nevirapine/Stavudine 150/200/30mg, tablets, 60 Tabs",Lamivudine/Nevirapine/Stavudine,Generic,150/200/30mg,Tablet - FDC,60,16640,116480.0,7.0,0.12,"Cipla, Goa, India",Yes,1766,10500,186.37
86245,114-UG-T30,FPQ-4454,SO-34300,DN-1551,Uganda,PMO - US,From RDC,N/A - From RDC,Air,9/25/09,N/A - From RDC,17-Jan-10,25-Nov-09,25-Nov-09,ARV,Adult,SCMS from RDC,"Lamivudine/Tenofovir Disoproxil Fumarate 300/300mg, tablets, 30 Tabs",Lamivudine/Tenofovir Disoproxil Fumarate,Generic,300/300mg,Tablet - FDC,30,2150,21500.0,10.0,0.33,Mylan (formerly Matrix) Nashik,Yes,179,2196.29,42.14
34942,116-ZA-T30,FPQ-3560,SCMS-49641,ASN-5136,South Africa,PMO - US,Direct Drop,DDP,Truck,5/7/09,7/21/09,5-Aug-09,5-Aug-09,5-Aug-09,ARV,Pediatric,S. BUYS WHOLESALER,"Zidovudine 100mg, capsules, 100 Caps",Zidovudine,Generic,100mg,Capsule,100,944,22658.01,24.0,0.24,"Cipla, Goa, India",No,Weight Captured Separately,Freight Included in Commodity Cost,44.41
85141,151-NG-T30,FPQ-5023,SO-36469,DN-1991,Nigeria,PMO - US,From RDC,N/A - From RDC,Air Charter,2/10/10,N/A - From RDC,12-Aug-10,17-Aug-10,17-Aug-10,ARV,Adult,SCMS from RDC,"Nevirapine 200mg, tablets, 60 Tabs",Nevirapine,Generic,200mg,Tablet,60,3322,9069.06,2.73,0.05,"Aurobindo Unit III, India",Yes,377,6147.18,19.55
68583,105-SS-T30,FPQ-12623,SCMS-200911,ASN-22749,South Sudan,PMO - US,Direct Drop,EXW,Air,7/18/13,8/5/13,24-Jan-14,24-Jan-14,24-Jan-14,HRDT,HIV test - Ancillary,"Orgenics, Ltd","Chase Buffer, Determine, 100 Tests, 2.5ml x 1 Vial","Chase Buffer, Determine, 100 Tests, 2.5ml x 1 Vial",Determine,,Test kit - Ancillary,1,160,800.0,5.0,5.0,"Alere Medical Co., Ltd.",No,See ASN-22749 (ID#:45723),See ASN-22749 (ID#:45723),0.99
5857,107-RW-T01,Pre-PQ Process,SCMS-25140,ASN-2116,Rwanda,PMO - US,Direct Drop,EXW,Air,Pre-PQ Process,6/12/08,22-Jul-08,22-Jul-08,22-Jul-08,HRDT,HIV test,"Orgenics, Ltd","HIV 1/2, Determine HIV Kit, without Lancets, 100 Tests","HIV 1/2, Determine HIV Kit, without Lancets",Determine,,Test kit,100,4327,302890.0,70.0,0.7,Inverness Japan,Yes,986,26574.61,484.62
58309,102-BI-T30,FPQ-13998,SCMS-234680,ASN-26424,Burundi,PMO - US,Direct Drop,EXW,Air,4/1/14,4/29/14,26-Jun-14,26-Jun-14,26-Jun-14,HRDT,HIV test,"CHEMBIO DIAGNOSTIC SYSTEMS, INC.","HIV 1/2, Stat-Pak Dipstick Assay Kit, 30 Tests","HIV 1/2, Stat-Pak Dipstick Assay Kit",Stat-Pak,,Test kit,30,539,14876.4,27.6,0.92,Chembio Diagnostics Sys. Inc.,Yes,58,871.28,15.29
11737,120-AO-T01,Pre-PQ Process,SO-779,DN-249,Angola,PMO - US,From RDC,N/A - From RDC,Truck,Pre-PQ Process,N/A - From RDC,15-Oct-07,15-Oct-07,15-Oct-07,HRDT,HIV test,SCMS from RDC,"HIV 1/2, Uni-Gold HIV Kit, 20 Tests","HIV 1/2, Uni-Gold HIV Kit",Uni-Gold,,Test kit,20,150,4800.0,32.0,1.6,"Trinity Biotech, Plc",Yes,54,952.04,7.68
82367,117-ET-T30,FPQ-7001,SO-38450,DN-2104,Ethiopia,PMO - US,From RDC,N/A - From RDC,Air,1/6/11,N/A - From RDC,14-Feb-11,28-Jan-11,28-Jan-11,ARV,Adult,SCMS from RDC,"Tenofovir Disoproxil Fumarate 300mg, tablets, 30 Tabs",Tenofovir Disoproxil Fumarate,Generic,300mg,Tablet,30,1467,9638.19,6.57,0.22,Mylan (formerly Matrix) Nashik,Yes,9,1401.76,15.9
85868,102-CD-T30,FPQ-9640,SO-41850,DN-2697,"Congo, DRC",PMO - US,From RDC,N/A - From RDC,Air,4/2/12,N/A - From RDC,11-Sep-12,11-Sep-12,11-Sep-12,ARV,Adult,SCMS from RDC,"Zidovudine 300mg, tablets, 60 Tabs",Zidovudine,Generic,300mg,Tablet,60,1300,8853.0,6.81,0.11,Hetero Unit III Hyderabad IN,No,See DN-2697 (ID#:83045),See DN-2697 (ID#:83045),12.41
82539,101-CD-T30,FPQ-11054,SO-43680,DN-2981,"Congo, DRC",PMO - US,From RDC,N/A - From RDC,Air,11/16/12,N/A - From RDC,11-Sep-13,11-Sep-13,11-Sep-13,ARV,Adult,SCMS from RDC,"Efavirenz/Lamivudine/Tenofovir Disoproxil Fumarate 600/300/300mg, tablets, 30 Tabs",Efavirenz/Lamivudine/Tenofovir Disoproxil Fumarate,Generic,600/300/300mg,Tablet - FDC,30,2952,35748.72,12.11,0.4,Mylan (formerly Matrix) Nashik,No,See DN-2981 (ID#:82538),See DN-2981 (ID#:82538),44.22
10716,114-UG-T01,Pre-PQ Process,SO-17910,DN-1068,Uganda,PMO - US,From RDC,N/A - From RDC,Air,Pre-PQ Process,N/A - From RDC,19-Feb-09,19-Feb-09,19-Feb-09,ARV,Adult,SCMS from RDC,"Efavirenz 600mg, tablets, 30 Tabs",Efavirenz,Generic,600mg,Tablet,30,1747,19217.0,11.0,0.37,"Aurobindo Unit III, India",Yes,152,1340.96,37.67
6881,106-HT-T01,Pre-PQ Process,SCMS-15500,ASN-1153,Haiti,PMO - US,Direct Drop,EXW,Air,Pre-PQ Process,Date Not Captured,22-Jan-08,22-Jan-08,22-Jan-08,HRDT,HIV test,Orasure Technologies Inc.,"HIV 1/2, OraQuick Advance HIV Rapid Antibody Kit, 100 Tests","HIV 1/2, OraQuick Advance HIV Rapid Antibody Kit",OraQuick,,Test kit,100,25,8750.0,350.0,3.5,"Pacific Biotech, Thailand",Yes,60,1521.11,14.0
85664,151-NG-T30,FPQ-4537,SO-34919,DN-1712,Nigeria,PMO - US,From RDC,N/A - From RDC,Air Charter,11/6/09,N/A - From RDC,19-Apr-10,31-Mar-10,31-Mar-10,ARV,Adult,SCMS from RDC,"Efavirenz 600mg, tablets, 30 Tabs",Efavirenz,Generic,600mg,Tablet,30,751,3852.63,5.13,0.17,"Aurobindo Unit III, India",Yes,65,Freight Included in Commodity Cost,8.31
83810,114-UG-T30,FPQ-13108,SO-46874,DN-3760,Uganda,PMO - US,From RDC,N/A - From RDC,Truck,10/16/13,N/A - From RDC,30-Jun-14,20-Jun-14,9-Jul-14,ARV,Pediatric,SCMS from RDC,"Nevirapine 10mg/ml, oral suspension w/syringe, Bottle, 100 ml",Nevirapine,Generic,10mg/ml,Oral suspension,100,45000,58500.0,1.3,0.01,"Aurobindo Unit III, India",Yes,9014,52211.42,60.14
12908,114-UG-T01,Pre-PQ Process,SO-32920,DN-1397,Uganda,PMO - US,From RDC,N/A - From RDC,Air,Date Not Captured,N/A - From RDC,24-Aug-09,24-Aug-09,24-Aug-09,ARV,Adult,SCMS from RDC,"Lamivudine 150mg, tablets, 60 Tabs",Lamivudine,Generic,150mg,Tablet,60,2237,5458.28,2.44,0.04,"Aurobindo Unit III, India",No,See DN-1397 (ID#:11678),See DN-1397 (ID#:11678),10.7
84424,151-NG-T30,FPQ-14156,SO-48906,DN-4000,Nigeria,PMO - US,From RDC,N/A - From RDC,Air Charter,4/25/14,N/A - From RDC,28-Nov-14,30-Oct-14,3-Nov-14,ARV,Adult,SCMS from RDC,"Zidovudine 300mg, tablets, 60 Tabs",Zidovudine,Generic,300mg,Tablet,60,7526,41393.0,5.5,0.09,"Aurobindo Unit III, India",Yes,507,1263,42.55
67199,161-ZA-T30,FPQ-6262,SCMS-83830,ASN-8903,South Africa,PMO - US,Direct Drop,DDP,Ocean,8/31/10,9/24/10,6-Jan-11,6-Jan-11,6-Jan-11,ARV,Pediatric,Aurobindo Pharma Limited,"Nevirapine 10mg/ml, oral suspension w/syringe, Bottle, 240 ml",Nevirapine,Generic,10mg/ml,Oral suspension,240,35000,74200.0,2.12,0.01,"Aurobindo Unit III, India",Yes,12974,11138.89,159.98
9585,111-MZ-T01,Pre-PQ Process,SCMS-17260,ASN-2532,Mozambique,PMO - US,Direct Drop,EXW,Air,Pre-PQ Process,2/6/08,17-Oct-08,17-Oct-08,17-Oct-08,HRDT,HIV test,"Trinity Biotech, Plc","HIV 1/2, Uni-Gold HIV Kit, 20 Tests","HIV 1/2, Uni-Gold HIV Kit",Uni-Gold,,Test kit,20,5300,169600.0,32.0,1.6,"Trinity Biotech, Plc",Yes,1796,32437.45,271.36
77420,102-BI-T30,FPQ-11512,SCMS-176890,ASN-18723,Burundi,PMO - US,Direct Drop,EXW,Air,1/29/13,2/14/13,3-Apr-13,3-Apr-13,3-Apr-13,HRDT,HIV test,"CHEMBIO DIAGNOSTIC SYSTEMS, INC.","HIV 1/2, Stat-Pak Dipstick Assay Kit, 30 Tests","HIV 1/2, Stat-Pak Dipstick Assay Kit",Stat-Pak,,Test kit,30,514,14186.4,27.6,0.92,Chembio Diagnostics Sys. Inc.,Yes,55,758.65,17.55
82932,151-NG-T30,FPQ-6243,SO-38320,DN-2090,Nigeria,PMO - US,From RDC,N/A - From RDC,Air Charter,8/25/10,N/A - From RDC,22-Feb-11,16-Feb-11,16-Feb-11,ARV,Pediatric,SCMS from RDC,"Efavirenz 200mg, capsule, 90 Caps",Efavirenz,Generic,200mg,Capsule,90,1050,10174.5,9.69,0.11,"Aurobindo Unit III, India",No,See DN-2090 (ID#:82366),See DN-2090 (ID#:82366),21.94
84628,106-HT-T30,FPQ-6484,SO-38240,DN-2136,Haiti,PMO - US,From RDC,N/A - From RDC,Air,10/13/10,N/A - From RDC,14-Mar-11,20-Apr-11,20-Apr-11,ARV,Adult,SCMS from RDC,"Lopinavir/Ritonavir 200/50mg [Aluvia], tablets, 120 Tabs",Lopinavir/Ritonavir,Aluvia,200/50mg,Tablet,120,1320,47731.2,36.16,0.3,ABBVIE Ludwigshafen Germany,Yes,276,2080.2,102.91
28545,144-BW-T30,FPQ-4207,SCMS-41860,ASN-5606,Botswana,PMO - US,Direct Drop,EXW,Air,3/10/09,3/25/09,5-Feb-10,5-Feb-10,5-Feb-10,HRDT,HIV test,Orasure Technologies Inc.,"HIV 1/2, OraQuick Advance HIV Rapid Antibody Kit, 100 Tests","HIV 1/2, OraQuick Advance HIV Rapid Antibody Kit",OraQuick,,Test kit,100,20,7000.0,350.0,3.5,"Pacific Biotech, Thailand",Yes,48,1716.47,13.72
84581,106-HT-T30,FPQ-5523,SO-36760,DN-1964,Haiti,PMO - US,From RDC,N/A - From RDC,Air,4/19/10,N/A - From RDC,10-Aug-10,23-Aug-10,23-Aug-10,ARV,Pediatric,SCMS from RDC,"Lamivudine 10mg/ml, oral solution, Bottle, 240 ml",Lamivudine,Generic,10mg/ml,Oral solution,240,3840,7411.2,1.93,0.01,"Cipla, Goa, India",No,See DN-1964 (ID#:82908),See DN-1964 (ID#:82908),15.98
34760,101-CD-T30,FPQ-12093,SCMS-189060,ASN-20773,"Congo, DRC",PMO - US,Direct Drop,FCA,Air,4/23/13,5/23/13,20-Nov-13,20-Nov-13,26-Nov-13,ARV,Pediatric,ABBVIE LOGISTICS (FORMERLY ABBOTT LOGISTICS BV),"Lopinavir/Ritonavir 80/20mg/ml [Kaletra], oral solution, cool, Bottle 5 x 60 ml",Lopinavir/Ritonavir,Kaletra,80/20mg/ml,Oral solution,300,184,5670.88,30.82,0.1,ABBVIE (Abbott) Logis. UK,Yes,288,460.91,7.01
11855,100-ZW-T01,Pre-PQ Process,SO-711,DN-604,Zimbabwe,PMO - US,From RDC,N/A - From RDC,Air,Pre-PQ Process,N/A - From RDC,5-Mar-08,5-Mar-08,5-Mar-08,ARV,Adult,SCMS from RDC,"Lamivudine/Stavudine 150/30mg, tablets, 30 Tabs",Lamivudine/Stavudine,Generic,150/30mg,Tablet - FDC,30,1600,3200.0,2.0,0.07,"Cipla, Goa, India",No,See DN-604 (ID#:11527),See DN-604 (ID#:11527),5.12
83617,102-CD-T30,FPQ-9906,SO-42340,DN-2812,"Congo, DRC",PMO - US,From RDC,N/A - From RDC,Air,5/15/12,N/A - From RDC,14-Feb-13,14-Feb-13,14-Feb-13,ARV,Adult,SCMS from RDC,"Zidovudine 300mg, tablets, 60 Tabs",Zidovudine,Generic,300mg,Tablet,60,6369,43054.44,6.76,0.11,"Aurobindo Unit III, India",No,See DN-2812 (ID#:83068),See DN-2812 (ID#:83068),60.36
12593,110-ZM-T01,Pre-PQ Process,SO-31900,DN-1286,Zambia,PMO - US,From RDC,N/A - From RDC,Air,Date Not Captured,N/A - From RDC,2-Jul-09,2-Jul-09,2-Jul-09,ARV,Pediatric,SCMS from RDC,"Efavirenz 200mg, capsule, 90 Caps",Efavirenz,Generic,200mg,Capsule,90,4000,61040.0,15.26,0.17,"Aurobindo Unit III, India",Yes,481,2951.12,119.64
85325,101-CD-T30,FPQ-11054,SO-43680,DN-2981,"Congo, DRC",PMO - US,From RDC,N/A - From RDC,Air,11/16/12,N/A - From RDC,11-Sep-13,11-Sep-13,11-Sep-13,ARV,Adult,SCMS from RDC,"Nevirapine 200mg, tablets, 60 Tabs",Nevirapine,Generic,200mg,Tablet,60,170,392.7,2.31,0.04,"Aurobindo Unit III, India",No,See DN-2981 (ID#:82538),See DN-2981 (ID#:82538),0.49
10692,125-HT-T01,Pre-PQ Process,SO-1291,DN-686,Haiti,PMO - US,From RDC,N/A - From RDC,Air,Pre-PQ Process,N/A - From RDC,3-Apr-08,3-Apr-08,3-Apr-08,HRDT,HIV test,SCMS from RDC,"HIV 1/2, Determine HIV Kit, without Lancets, 100 Tests","HIV 1/2, Determine HIV Kit, without Lancets",Determine,,Test kit,100,10,720.0,72.0,0.72,Inverness Japan,No,See DN-686 (ID#:10691),See DN-686 (ID#:10691),1.15
11551,106-HT-T01,Pre-PQ Process,SO-2072,DN-695,Haiti,PMO - US,From RDC,N/A - From RDC,Air,Pre-PQ Process,N/A - From RDC,11-Apr-08,11-Apr-08,11-Apr-08,ARV,Pediatric,SCMS from RDC,"Efavirenz 30mg/ml [Stocrin/Sustiva], oral solution, Bottle, 180 ml",Efavirenz,Stocrin/Sustiva,30mg/ml,Oral solution,180,34,576.64,16.96,0.09,"MSD, Haarlem, NL",Yes,14,896.55,0.92
22477,901-NA-T30,FPQ-14728,SCMS-252640,ASN-28482,Namibia,PMO - US,Direct Drop,EXW,Air,7/30/14,8/14/14,22-Oct-14,22-Oct-14,22-Oct-14,ARV,Adult,HETERO LABS LIMITED,"Lamivudine/Tenofovir Disoproxil Fumarate 300/300mg, tablets, 30 Tabs",Lamivudine/Tenofovir Disoproxil Fumarate,Generic,300/300mg,Tablet - FDC,30,24672,113984.64,4.62,0.15,Hetero Unit III Hyderabad IN,Yes,2631,12463.74,117.18
11420,104-CI-T01,Pre-PQ Process,SO-522,DN-240,Côte d'Ivoire,PMO - US,From RDC,N/A - From RDC,,Pre-PQ Process,N/A - From RDC,16-Jul-07,16-Jul-07,16-Jul-07,ARV,Adult,SCMS from RDC,"Saquinavir 200mg [Invirase], capsules, 270 Caps",Saquinavir,Invirase,200mg,Capsule,270,575,45218.0,78.64,0.29,Roche Basel,No,See DN-240 (ID#:10847),See DN-240 (ID#:10847),72.35
22160,106-HT-T30,FPQ-14083,SCMS-240201,ASN-27545,Haiti,PMO - US,Direct Drop,EXW,Ocean,5/11/14,6/2/14,20-Oct-14,20-Oct-14,6-Nov-14,ARV,Adult,MYLAN LABORATORIES LTD (FORMERLY MATRIX LABORATORIES),"Efavirenz/Lamivudine/Tenofovir Disoproxil Fumarate 600/300/300mg, tablets, 30 Tabs",Efavirenz/Lamivudine/Tenofovir Disoproxil Fumarate,Generic,600/300/300mg,Tablet - FDC,30,46500,499410.0,10.74,0.36,Mylan (formerly Matrix) Nashik,Yes,5342,9195.61,513.39
84652,100-BJ-T30,FPQ-7658,SO-39790,DN-2237,Benin,PMO - US,From RDC,N/A - From RDC,Air,5/15/11,N/A - From RDC,13-Jun-11,9-Jun-11,9-Jun-11,ARV,Adult,SCMS from RDC,"Efavirenz 600mg, tablets, 30 Tabs",Efavirenz,Generic,600mg,Tablet,30,575,2426.5,4.22,0.14,"Aurobindo Unit III, India",No,See DN-2237 (ID#:82954),See DN-2237 (ID#:82954),4.0
22417,106-HT-T30,FPQ-15038,SCMS-262890,ASN-32716,Haiti,PMO - US,Direct Drop,FCA,Air,10/22/14,1/30/15,7-Jul-15,7-Jul-15,7-Jul-15,ARV,Pediatric,ABBVIE LOGISTICS (FORMERLY ABBOTT LOGISTICS BV),"Lopinavir/Ritonavir 100/25mg [Aluvia], tablets, 60 Tabs",Lopinavir/Ritonavir,Generic,100/25mg,Tablet,60,2697,16020.18,5.94,0.1,ABBVIE Ludwigshafen Germany,Yes,1825,4126.9,16.47
12289,112-NG-T01,Pre-PQ Process,SO-21052,DN-1257,Nigeria,PMO - US,From RDC,N/A - From RDC,Air,Pre-PQ Process,N/A - From RDC,5-Jun-09,5-Jun-09,5-Jun-09,ARV,Adult,SCMS from RDC,"Lamivudine/Zidovudine 150/300mg, tablets, 60 Tabs",Lamivudine/Zidovudine,Generic,150/300mg,Tablet - FDC,60,1747,15303.72,8.76,0.15,Mylan (formerly Matrix) Nashik,Yes,148,1012.18,30.0
83306,111-MZ-T30,FPQ-14226,SO-48886,DN-4115,Mozambique,PMO - US,From RDC,N/A - From RDC,Truck,5/2/14,N/A - From RDC,16-Mar-15,30-Mar-15,30-Mar-15,ARV,Adult,SCMS from RDC,"Lamivudine/Zidovudine 150/300mg, tablets, 60 Tabs",Lamivudine/Zidovudine,Generic,150/300mg,Tablet - FDC,60,71377,471088.2,6.6,0.11,Hetero Unit III Hyderabad IN,Yes,6842,8689.22,484.28
84775,104-CI-T30,FPQ-9749,SO-42373,DN-2954,Côte d'Ivoire,PMO - US,From RDC,N/A - From RDC,Truck,4/19/12,N/A - From RDC,31-Dec-12,6-Dec-12,6-Dec-12,ARV,Adult,SCMS from RDC,"Efavirenz 600mg, tablets, 30 Tabs",Efavirenz,Generic,600mg,Tablet,30,7640,27809.6,3.64,0.12,"Aurobindo Unit III, India",No,See DN-2954 (ID#:82534),See DN-2954 (ID#:82534),38.99
16553,116-ZA-T30,FPQ-4359,SCMS-54980,ASN-5373,South Africa,PMO - US,Direct Drop,DDP,Truck,10/8/09,10/15/09,19-Oct-09,19-Oct-09,19-Oct-09,ARV,Pediatric,S. BUYS WHOLESALER,"Nevirapine 10mg/ml [Viramune], oral suspension, Bottle, 240 ml",Nevirapine,Viramune,10mg/ml,Oral suspension,240,220,3442.16,15.65,0.07,Boehringer Ingelheim Roxane US,No,Weight Captured Separately,Freight Included in Commodity Cost,6.75
14437,116-ZA-T30,FPQ-14942,SCMS-259085,ASN-33333,South Africa,PMO - US,Direct Drop,DDP,Truck,9/11/14,7/14/15,14-Jul-15,14-Jul-15,14-Jul-15,ARV,Pediatric,PHARMACY DIRECT,"Lopinavir/Ritonavir 80/20mg/ml [Kaletra], oral solution, cool, Bottle 5 x 60 ml",Lopinavir/Ritonavir,Kaletra,80/20mg/ml,Oral solution,300,3,51.42,17.14,0.06,ABBVIE (Abbott) Logis. UK,Yes,Weight Captured Separately,Freight Included in Commodity Cost,0.05
85330,111-MZ-T30,FPQ-11033,SO-43760,DN-3012,Mozambique,PMO - US,From RDC,N/A - From RDC,Truck,11/12/12,N/A - From RDC,1-Apr-13,22-Mar-13,22-Mar-13,ARV,Adult,SCMS from RDC,"Lamivudine 150mg, tablets, 60 Tabs",Lamivudine,Generic,150mg,Tablet,60,1458,2901.42,1.99,0.03,Hetero Unit III Hyderabad IN,No,See DN-3012 (ID#:83107),See DN-3012 (ID#:83107),3.59
46198,108-VN-T30,FPQ-9001,SCMS-131600,ASN-15081,Vietnam,PMO - US,Direct Drop,FCA,Air,12/15/11,1/25/12,6-Jul-12,6-Jul-12,6-Jul-12,ARV,Adult,ABBVIE LOGISTICS (FORMERLY ABBOTT LOGISTICS BV),"Lopinavir/Ritonavir 200/50mg [Aluvia], tablets, 120 Tabs",Lopinavir/Ritonavir,Aluvia,200/50mg,Tablet,120,1922,116896.04,60.82,0.51,ABBVIE Ludwigshafen Germany,Yes,467,1842.23,163.89
10664,104-CI-T01,Pre-PQ Process,SO-1278,DN-561,Côte d'Ivoire,PMO - US,From RDC,N/A - From RDC,Air,Pre-PQ Process,N/A - From RDC,17-Jan-08,17-Jan-08,17-Jan-08,HRDT,HIV test,SCMS from RDC,"HIV 2, New LAV Blot 2 HIV Kit, 18 Tests","HIV 2, New LAV Blot 2 HIV Kit",LAV,,Test kit,18,9,2773.53,308.17,17.12,Bio-Rad Laboratories,Yes,13,1148,4.44
12170,106-HT-T01,Pre-PQ Process,SO-2047,DN-742,Haiti,PMO - US,From RDC,N/A - From RDC,Air,Pre-PQ Process,N/A - From RDC,2-Jun-08,2-Jun-08,2-Jun-08,ARV,Pediatric,SCMS from RDC,"Abacavir 20mg/ml, oral solution, Bottle, 240 ml",Abacavir,Generic,20mg/ml,Oral solution,240,160,2640.0,16.5,0.07,"Aurobindo Unit III, India",No,See DN-742 (ID#:11537),See DN-742 (ID#:11537),4.22
84516,106-HT-T30,FPQ-4384,SO-34670,DN-1559,Haiti,PMO - US,From RDC,N/A - From RDC,Air,10/23/09,N/A - From RDC,9-Dec-09,1-Dec-09,1-Dec-09,ARV,Adult,SCMS from RDC,"Stavudine 20mg, capsules, 60 Caps",Stavudine,Generic,20mg,Capsule,60,252,420.84,1.67,0.03,"Aurobindo Unit III, India",No,See DN-1559 (ID#:82849),See DN-1559 (ID#:82849),0.91
83980,113-ZW-T30,FPQ-4472,SO-27210,DN-1657,Zimbabwe,PMO - US,From RDC,N/A - From RDC,Truck,3/17/09,N/A - From RDC,31-Mar-10,12-Mar-10,12-Mar-10,ARV,Adult,SCMS from RDC,"Lamivudine/Stavudine 150/30mg, tablets, 60 Tabs",Lamivudine/Stavudine,Generic,150/30mg,Tablet - FDC,60,4000,13600.0,3.4,0.06,"Cipla, Goa, India",Yes,632,3302.14,26.66
82619,105-GY-T30,FPQ-12619,SO-46090,DN-3425,Guyana,PMO - US,From RDC,N/A - From RDC,Air,7/16/13,N/A - From RDC,31-Dec-13,2-Dec-13,20-Dec-13,ARV,Pediatric,SCMS from RDC,"Nevirapine 10mg/ml, oral suspension w/syringe, Bottle, 240 ml",Nevirapine,Generic,10mg/ml,Oral suspension,240,394,732.84,1.86,0.01,"Aurobindo Unit III, India",No,See DN-3425 (ID#:82618),See DN-3425 (ID#:82618),0.91
80,107-RW-T01,Pre-PQ Process,SCMS-488,ASN-299,Rwanda,PMO - US,Direct Drop,EXW,Air,Pre-PQ Process,Date Not Captured,29-Mar-07,29-Mar-07,29-Mar-07,HRDT,HIV test,Premier Medical Corporation Ltd.,"HIV 1/2/O, First Response HIV 1-2.0, v.3.0 Cards Kit, 30 Tests","HIV 1/2/O, First Response HIV 1-2.0, v.3.0 Cards Kit",First Response,,Test kit,30,2000,33000.0,16.5,0.55,Premier Med. Corp Ltd. India,Yes,710,3120.7,
84868,107-RW-T30,FPQ-12190,SO-45390,DN-3421,Rwanda,PMO - US,From RDC,N/A - From RDC,Truck,5/6/13,N/A - From RDC,31-Jan-14,23-Dec-13,17-Jan-14,ARV,Pediatric,SCMS from RDC,"Abacavir 20mg/ml, oral solution w/syringe, Bottle, 240 ml",Abacavir,Generic,20mg/ml,Oral solution,240,6816,58004.16,8.51,0.04,"Aurobindo Unit III, India",No,See DN-3421 (ID#:82617),See DN-3421 (ID#:82617),71.75
83670,106-HT-T30,FPQ-11281,SO-44421,DN-3091,Haiti,PMO - US,From RDC,N/A - From RDC,Air,1/16/13,N/A - From RDC,23-Apr-13,2-Apr-13,2-Apr-13,ARV,Adult,SCMS from RDC,"Efavirenz/Lamivudine/Tenofovir Disoproxil Fumarate 600/300/300mg, tablets, 30 Tabs",Efavirenz/Lamivudine/Tenofovir Disoproxil Fumarate,Generic,600/300/300mg,Tablet - FDC,30,22000,266420.0,12.11,0.4,Mylan (formerly Matrix) Nashik,Yes,2435,25984.75,329.56
80668,109-TZ-T30,FPQ-12050,SCMS-186890,ASN-19772,Tanzania,PMO - US,Direct Drop,FCA,Air,4/12/13,5/8/13,18-Jul-13,18-Jul-13,18-Jul-13,ARV,Pediatric,ABBVIE LOGISTICS (FORMERLY ABBOTT LOGISTICS BV),"Lopinavir/Ritonavir 100/25mg [Aluvia], tablets, 60 Tabs",Lopinavir/Ritonavir,Generic,100/25mg,Tablet,60,765,4544.1,5.94,0.1,ABBVIE Ludwigshafen Germany,Yes,84,1396.04,5.62
83776,106-HT-T30,FPQ-13648,SO-47800,DN-3587,Haiti,PMO - US,From RDC,N/A - From RDC,Air,2/3/14,N/A - From RDC,5-May-14,24-Mar-14,6-May-14,ARV,Pediatric,SCMS from RDC,"Lamivudine 10mg/ml, oral solution w/syringe, Bottle, 240 ml",Lamivudine,Generic,10mg/ml,Oral solution,240,4000,5720.0,1.43,0.01,"Aurobindo Unit III, India",Yes,2769,29216.84,5.88
54045,108-VN-T30,FPQ-5094,SCMS-68700,ASN-7337,Vietnam,PMO - US,Direct Drop,FCA,Air,3/15/10,3/31/10,2-Aug-10,2-Aug-10,2-Aug-10,ARV,Adult,ABBVIE LOGISTICS (FORMERLY ABBOTT LOGISTICS BV),"Ritonavir 100mg [Norvir], capsules, cool, 4 x 84 Caps",Ritonavir,Norvir,100mg,Capsule,336,20,6137.6,306.88,0.91,ABBVIE (Abbott) Logis. UK,Yes,57,5795.92,13.23
83586,109-TZ-T30,FPQ-8303,SO-40501,DN-2632,Tanzania,PMO - US,From RDC,N/A - From RDC,Truck,8/22/11,N/A - From RDC,31-May-12,16-May-12,16-May-12,ARV,Pediatric,SCMS from RDC,"Lamivudine/Nevirapine/Stavudine 30/50/6mg, dispersible tablets, 60 Tabs",Lamivudine/Nevirapine/Stavudine,Generic,30/50/6mg,Chewable/dispersible tablet - FDC,60,15855,39478.95,2.49,0.04,"Cipla, Goa, India",Yes,1380,4553.1,65.14
53349,102-GY-T30,FPQ-9180,SCMS-139650,ASN-15044,Guyana,PMO - US,Direct Drop,EXW,Air,1/17/12,4/9/12,18-Jun-12,18-Jun-12,18-Jun-12,HRDT,HIV test,"Orgenics, Ltd","HIV 1/2, Determine Complete HIV Kit, 100 Tests","HIV 1/2, Determine Complete HIV Kit",Determine,,Test kit,100,300,30000.0,100.0,1.0,"Alere Medical Co., Ltd.",Yes,137,3825.21,42.06
86033,109-TZ-T30,FPQ-12587,SO-46000,DN-3501,Tanzania,PMO - US,From RDC,N/A - From RDC,Truck,7/4/13,N/A - From RDC,31-Jan-14,19-Feb-14,24-Feb-14,ARV,Pediatric,SCMS from RDC,"Abacavir/Lamivudine 60/30mg, tablets, 60 Tabs",Abacavir/Lamivudine,Generic,60/30mg,Tablet - FDC,60,9458,37832.0,4.0,0.07,"Aurobindo Unit III, India",No,See DN-3501 (ID#:82641),See DN-3501 (ID#:82641),46.8
2559,108-VN-T01,Pre-PQ Process,SCMS-44980,ASN-4094,Vietnam,PMO - US,Direct Drop,EXW,Air,Pre-PQ Process,4/29/09,8-Jun-09,8-Jun-09,8-Jun-09,ARV,Adult,Aurobindo Pharma Limited,"Didanosine 250mg, delayed-release capsules, 30 Caps",Didanosine,Generic,250mg,Delayed-release capsules,30,150,1950.0,13.0,0.43,"Aurobindo Unit III, India",Yes,30,4111.71,3.82
56734,161-ZA-T30,FPQ-7175,SCMS-103480,ASN-11804,South Africa,PMO - US,Direct Drop,DDP,Ocean,3/10/11,3/24/11,4-Jan-12,4-Jan-12,4-Jan-12,ARV,Adult,Aurobindo Pharma Limited,"Abacavir 300mg, tablets, 60 Tabs",Abacavir,Generic,300mg,Tablet,60,23845,356005.85,14.93,0.25,"Aurobindo Unit III, India",Yes,2283,3649.67,587.41
84053,106-HT-T30,FPQ-5523,SO-36730,DN-2059,Haiti,PMO - US,From RDC,N/A - From RDC,Air,4/19/10,N/A - From RDC,26-Nov-10,15-Dec-10,15-Dec-10,ARV,Adult,SCMS from RDC,"Lamivudine/Zidovudine 150/300mg, tablets, 60 Tabs",Lamivudine/Zidovudine,Generic,150/300mg,Tablet - FDC,60,36139,308988.45,8.55,0.14,"Aurobindo Unit III, India",Yes,7100,68243,666.18
83175,111-MZ-T30,FPQ-12416,SO-45892,DN-3376,Mozambique,PMO - US,From RDC,N/A - From RDC,Truck,6/28/13,N/A - From RDC,29-Nov-13,28-Nov-13,12-Dec-13,ARV,Adult,SCMS from RDC,"Lamivudine/Nevirapine/Zidovudine 150/200/300mg, tablets, 60 Tabs",Lamivudine/Nevirapine/Zidovudine,Generic,150/300/200mg,Tablet - FDC,60,38976,334414.08,8.58,0.14,Hetero Unit III Hyderabad IN,Yes,7482,5846.08,413.67
84339,111-MZ-T30,FPQ-12421,SO-45900,DN-3564,Mozambique,PMO - US,From RDC,N/A - From RDC,Truck,6/28/13,N/A - From RDC,28-Mar-14,28-Mar-14,4-Apr-14,ARV,Adult,SCMS from RDC,"Efavirenz/Lamivudine/Tenofovir Disoproxil Fumarate 600/300/300mg, tablets, 30 Tabs",Efavirenz/Lamivudine/Tenofovir Disoproxil Fumarate,Generic,600/300/300mg,Tablet - FDC,30,180194,1958708.78,10.87,0.36,"Aurobindo Unit VII, IN",Yes,13739,Freight Included in Commodity Cost,2422.92
79022,116-ZA-T30,FPQ-13214,SCMS-215410,ASN-23875,South Africa,PMO - US,Direct Drop,DDP,Truck,11/14/13,12/2/13,13-Jan-14,13-Jan-14,13-Jan-14,ARV,Adult,S. BUYS WHOLESALER,"Efavirenz 600mg, tablets, 30 Tabs",Efavirenz,Generic,600mg,Tablet,30,152,2218.99,14.6,0.49,"Aurobindo Unit III, India",No,Weight Captured Separately,Freight Included in Commodity Cost,2.28
25536,151-NG-T30,FPQ-12803,SCMS-206340,ASN-23739,Nigeria,PMO - US,Direct Drop,EXW,Air,8/13/13,9/17/13,11-Feb-14,11-Feb-14,13-Feb-14,ARV,Pediatric,CIPLA LIMITED,"Abacavir 60mg, dispersible tablets, 60 Tabs",Abacavir,Generic,60mg,Chewable/dispersible tablet,60,7325,36625.0,5.0,0.08,"Cipla, Patalganga, India",Yes,455,4967.03,45.31
83908,111-MZ-T30,FPQ-15195,SO-50122,DN-4248,Mozambique,PMO - US,From RDC,N/A - From RDC,Truck,10/17/14,N/A - From RDC,30-Jun-15,15-Jun-15,15-Jun-15,ARV,Adult,SCMS from RDC,"Lamivudine/Tenofovir Disoproxil Fumarate 300/300mg, tablets, 30 Tabs",Lamivudine/Tenofovir Disoproxil Fumarate,Generic,300/300mg,Tablet - FDC,30,56994,263312.28,4.62,0.15,"Hetero, Jadcherla, unit 5, IN",Yes,5358,5894.11,309.92
2687,108-VN-T01,Pre-PQ Process,SCMS-169,ASN-272,Vietnam,PMO - US,Direct Drop,EXW,Air,Pre-PQ Process,11/15/06,14-Mar-07,14-Mar-07,14-Mar-07,ARV,Pediatric,CIPLA LIMITED,"Lamivudine 10mg/ml, oral solution, Bottle, 240 ml",Lamivudine,Generic,10mg/ml,Oral solution,240,1000,2440.0,2.44,0.01,"Cipla, Goa, India",No,See ASN-272 (ID#:1282),See ASN-272 (ID#:1282),
23387,116-ZA-T30,FPQ-14942,SCMS-259078,ASN-33470,South Africa,PMO - US,Direct Drop,DDP,Truck,9/11/14,10/9/14,24-Jul-15,24-Jul-15,24-Jul-15,ARV,Adult,PHARMACY DIRECT,"Lamivudine 150mg, tablets, 60 Tabs",Lamivudine,Generic,150mg,Tablet,60,74,521.82,7.05,0.12,"Aurobindo Unit III, India",No,Weight Captured Separately,Freight Included in Commodity Cost,0.54
78671,161-ZA-T30,FPQ-6708,SCMS-93510,ASN-11510,South Africa,PMO - US,Direct Drop,DDP,Ocean,11/26/10,12/14/10,14-Oct-11,14-Oct-11,14-Oct-11,ARV,Pediatric,Aurobindo Pharma Limited,"Nevirapine 10mg/ml, oral suspension w/syringe, Bottle, 240 ml",Nevirapine,Generic,10mg/ml,Oral suspension,240,8500,18020.0,2.12,0.01,"Aurobindo Unit III, India",Yes,3061,3530.94,29.73
84969,110-ZM-T30,FPQ-13221,SO-47205,DN-3869,Zambia,PMO - US,From RDC,N/A - From RDC,Truck,10/31/13,N/A - From RDC,29-Aug-14,2-Sep-14,17-Oct-14,ARV,Adult,SCMS from RDC,"Lopinavir/Ritonavir 200/50mg, tablets, 120 Tabs",Lopinavir/Ritonavir,Generic,200/50mg,Tablet,120,32905,648557.55,19.71,0.16,Mylan (formerly Matrix) Nashik,Yes,5111,10944.73,666.72
86251,114-UG-T30,FPQ-4497,SO-34840,DN-1598,Uganda,PMO - US,From RDC,N/A - From RDC,Air,10/28/09,N/A - From RDC,17-Feb-10,23-Dec-09,23-Dec-09,ARV,Adult,SCMS from RDC,"Lamivudine/Tenofovir Disoproxil Fumarate 300/300mg, tablets, 30 Tabs",Lamivudine/Tenofovir Disoproxil Fumarate,Generic,300/300mg,Tablet - FDC,30,1100,11000.0,10.0,0.33,Mylan (formerly Matrix) Nashik,No,See DN-1598 (ID#:83392),See DN-1598 (ID#:83392),23.72
85649,114-UG-T30,FPQ-4470,SO-34780,DN-1622,Uganda,PMO - US,From RDC,N/A - From RDC,Air,8/17/09,N/A - From RDC,3-Feb-10,3-Feb-10,3-Feb-10,ARV,Adult,SCMS from RDC,"Lamivudine/Nevirapine/Zidovudine 150/200/300mg, tablets, 60 Tabs",Lamivudine/Nevirapine/Zidovudine,Generic,150/300/200mg,Tablet - FDC,60,31000,351850.0,11.35,0.19,Mylan (formerly Matrix) Nashik,Yes,3941,42656.07,689.63
12793,136-RW-T01,Pre-PQ Process,SO-11520,DN-842,Cameroon,PMO - US,From RDC,N/A - From RDC,Air,Pre-PQ Process,N/A - From RDC,20-Aug-08,20-Aug-08,20-Aug-08,HRDT,HIV test,SCMS from RDC,"HIV 1/2, Uni-Gold HIV Kit, 20 Tests","HIV 1/2, Uni-Gold HIV Kit",Uni-Gold,,Test kit,20,2000,64000.0,32.0,1.6,"Trinity Biotech, Plc",Yes,643,7805.33,102.4
49085,102-SD-T30,FPQ-8264,SCMS-121840,ASN-12828,Sudan,PMO - US,Direct Drop,EXW,Air,9/7/11,9/14/11,6-Jan-12,6-Jan-12,6-Jan-12,HRDT,HIV test - Ancillary,"Orgenics, Ltd","Capillary Tubes, for Determine, EDTA, 50uL,100 Pcs","HIV, Capillary Tubes, for Determine, EDTA, 50uL,100 Pcs",Determine,,Test kit - Ancillary,100,4,32.0,8.0,0.08,"Alere Medical Co., Ltd.",Yes,2,942.64,0.05
19788,161-ZA-T30,FPQ-7175,SCMS-103360,ASN-11433,South Africa,PMO - US,Direct Drop,DDP,Ocean,3/10/11,3/24/11,2-Sep-11,14-Sep-11,14-Sep-11,ARV,Pediatric,Aurobindo Pharma Limited,"Efavirenz 50mg, capsule, 30 Caps",Efavirenz,Generic,50mg,Capsule,30,2247,5482.68,2.44,0.08,"Aurobindo Unit III, India",Yes,Weight Captured Separately,Freight Included in Commodity Cost,9.05
27675,102-SD-T30,FPQ-7321,SCMS-107770,ASN-10900,Sudan,PMO - US,Direct Drop,EXW,Air,3/29/11,5/2/11,24-Jun-11,24-Jun-11,24-Jun-11,HRDT,HIV test - Ancillary,"Standard Diagnostics, Inc.","HIV 1/2, Bioline 3.0 Diluent, 25 Tests, Bottle x 5 ml","HIV 1/2, Bioline 3.0 Diluent, 25 Tests",Bioline,,Test kit - Ancillary,1,13,11.7,0.9,0.9,"Standard Diagnostics, Korea",Yes,2,1193.15,0.02
12688,104-CI-T01,Pre-PQ Process,SO-959,DN-320,Côte d'Ivoire,PMO - US,From RDC,N/A - From RDC,,Pre-PQ Process,N/A - From RDC,30-Aug-07,30-Aug-07,30-Aug-07,ARV,Adult,SCMS from RDC,"Abacavir 300mg, tablets, 60 Tabs",Abacavir,Generic,300mg,Tablet,60,6000,165180.0,27.53,0.46,"Cipla, Patalganga, India",No,See DN-320 (ID#:10593),See DN-320 (ID#:10593),264.29
42811,108-VN-T30,FPQ-5317,SCMS-69240,ASN-7581,Vietnam,PMO - US,Direct Drop,EXW,Air,3/22/10,3/25/10,13-Aug-10,13-Aug-10,13-Aug-10,ARV,Adult,Aurobindo Pharma Limited,"Didanosine 250mg, delayed-release capsules, 30 Caps",Didanosine,Generic,250mg,Delayed-release capsules,30,168,2184.0,13.0,0.43,"Aurobindo Unit III, India",Yes,2046,14405.31,4.71
411,123-NG-T01,Pre-PQ Process,SCMS-18940,ASN-1467,Nigeria,PMO - US,Direct Drop,EXW,Air,Pre-PQ Process,3/13/08,17-Apr-08,17-Apr-08,17-Apr-08,HRDT,HIV test,"CHEMBIO DIAGNOSTIC SYSTEMS, INC.","HIV 1/2, Stat-Pak HIV, Kit, 20 Tests","HIV 1/2, Stat-Pak HIV, Kit",Stat-Pak,,Test kit,20,1425,38475.0,27.0,1.35,Chembio Diagnostics Sys. Inc.,Yes,483,5468.88,61.56
51452,102-BW-T30,FPQ-5353,SCMS-77130,ASN-7693,Botswana,PMO - US,Direct Drop,EXW,Air,3/30/10,6/23/10,25-Aug-10,25-Aug-10,25-Aug-10,HRDT,HIV test,"Trinity Biotech, Plc","HIV 1/2, Uni-Gold HIV Kit, 20 Tests","HIV 1/2, Uni-Gold HIV Kit",Uni-Gold,,Test kit,20,50,1600.0,32.0,1.6,"Trinity Biotech, Plc",Yes,26,659.27,3.45
15670,901-CM-T30,FPQ-12837,SCMS-204300,ASN-21701,Cameroon,PMO - US,Direct Drop,EXW,Air,8/19/13,8/23/13,18-Oct-13,26-Oct-13,29-Oct-13,ARV,Adult,Aurobindo Pharma Limited,"Nevirapine 200mg, tablets, 60 Tabs",Nevirapine,Generic,200mg,Tablet,60,34595,77838.75,2.25,0.04,"Aurobindo Unit III, India",Yes,3642,31434.31,96.29
6933,102-NG-T01,Pre-PQ Process,SCMS-16880,ASN-1462,Nigeria,PMO - US,Direct Drop,EXW,Air,Pre-PQ Process,1/7/08,21-Apr-08,27-Mar-08,27-Mar-08,HRDT,HIV test,"CHEMBIO DIAGNOSTIC SYSTEMS, INC.","HIV 1/2, Stat-Pak HIV, Kit, 20 Tests","HIV 1/2, Stat-Pak HIV, Kit",Stat-Pak,,Test kit,20,8153,220131.0,27.0,1.35,Chembio Diagnostics Sys. Inc.,Yes,2707,13535.55,352.21
11561,113-ZW-T01,Pre-PQ Process,SO-13991,DN-1015,Zimbabwe,PMO - US,From RDC,N/A - From RDC,Truck,Pre-PQ Process,N/A - From RDC,19-Nov-08,19-Nov-08,19-Nov-08,ARV,Adult,SCMS from RDC,"Lamivudine/Stavudine 150/30mg, tablets, 30 Tabs",Lamivudine/Stavudine,Generic,150/30mg,Tablet - FDC,30,8000,16000.0,2.0,0.07,"Cipla, Goa, India",Yes,8855,29883.7,31.36
27798,117-ET-T30,FPQ-4731,SCMS-59590,ASN-6042,Ethiopia,PMO - US,Direct Drop,EXW,Air,12/10/09,12/18/09,15-Feb-10,15-Feb-10,15-Feb-10,ARV,Adult,MYLAN LABORATORIES LTD (FORMERLY MATRIX LABORATORIES),"Efavirenz 600mg, tablets, 30 Tabs",Efavirenz,Generic,600mg,Tablet,30,7197,32314.53,4.49,0.15,Mylan (formerly Matrix) Nashik,Yes,530,1860.69,69.67
83287,101-CD-T30,FPQ-14576,SO-49310,DN-3954,"Congo, DRC",PMO - US,From RDC,N/A - From RDC,Air,7/14/14,N/A - From RDC,14-Apr-15,14-Apr-15,14-Apr-15,ARV,Pediatric,SCMS from RDC,"Nevirapine 10mg/ml, oral suspension w/syringe, Bottle, 240 ml",Nevirapine,Generic,10mg/ml,Oral suspension,240,590,890.9,1.51,0.01,"Aurobindo Unit III, India",No,See DN-3954 (ID#:82743),See DN-3954 (ID#:82743),0.92
86603,151-NG-T30,FPQ-11864,SO-44931,DN-3324,Nigeria,PMO - US,From RDC,N/A - From RDC,Air Charter,3/14/13,N/A - From RDC,18-Sep-13,12-Sep-13,12-Sep-13,ARV,Adult,SCMS from RDC,"Lamivudine/Nevirapine/Zidovudine 150/200/300mg, tablets, 60 Tabs",Lamivudine/Nevirapine/Zidovudine,Generic,150/300/200mg,Tablet - FDC,60,160000,1372800.0,8.58,0.14,"Aurobindo Unit III, India",No,See DN-3324 (ID#:84854),See DN-3324 (ID#:84854),1698.15
10881,110-ZM-T01,Pre-PQ Process,SO-752,DN-351,Zambia,PMO - US,From RDC,N/A - From RDC,,Pre-PQ Process,N/A - From RDC,12-Sep-07,12-Sep-07,12-Sep-07,ARV,Pediatric,SCMS from RDC,"Efavirenz 200mg, capsule, 90 Caps",Efavirenz,Generic,200mg,Capsule,90,1064,17024.0,16.0,0.18,"Aurobindo Unit III, India",Yes,128,944.21,27.24
11548,119-NA-T01,Pre-PQ Process,SO-1764,DN-635,Namibia,PMO - US,From RDC,N/A - From RDC,Air,Pre-PQ Process,N/A - From RDC,14-Mar-08,14-Mar-08,14-Mar-08,ARV,Adult,SCMS from RDC,"Efavirenz 600mg, tablets, 30 Tabs",Efavirenz,Generic,600mg,Tablet,30,21000,252210.0,12.01,0.4,"Aurobindo Unit III, India",Yes,1815,6074.62,403.54
79325,104-CI-T30,FPQ-13125,SCMS-215050,ASN-23877,Côte d'Ivoire,PMO - US,Direct Drop,EXW,Air,10/25/13,12/4/13,24-Jan-14,24-Jan-14,30-Jan-14,HRDT,HIV test,"Orgenics, Ltd","HIV 1/2, Determine Complete HIV Kit, 100 Tests","HIV 1/2, Determine Complete HIV Kit",Determine,,Test kit,100,3135,250800.0,80.0,0.8,"Alere Medical Co., Ltd.",Yes,1272,16856.6,257.82
43892,116-ZA-T30,FPQ-15269,SCMS-267020,ASN-29764,South Africa,PMO - US,Direct Drop,DDP,Truck,10/29/14,12/10/14,10-Dec-14,10-Dec-14,10-Dec-14,ARV,Adult,S. BUYS WHOLESALER,"Didanosine 400mg, delayed-release capsules, 30 Caps",Didanosine,Generic,400mg,Delayed-release capsules,30,12,209.09,17.42,0.58,"Aurobindo Unit III, India",No,Weight Captured Separately,Freight Included in Commodity Cost,0.25
86813,151-NG-T30,FPQ-14989,SO-51422,DN-4274,Nigeria,PMO - US,From RDC,N/A - From RDC,Air Charter,9/19/14,N/A - From RDC,30-Jun-15,15-May-15,22-May-15,ARV,Pediatric,SCMS from RDC,"Lamivudine/Nevirapine/Zidovudine 30/50/60mg, dispersible tablets, 60 Tabs",Lamivudine/Nevirapine/Zidovudine,Generic,30/50/60mg,Chewable/dispersible tablet - FDC,60,10340,37224.0,3.6,0.06,Mylan (formerly Matrix) Nashik,No,See DN-4274 (ID#:84472),See DN-4274 (ID#:84472),38.27
85843,109-TZ-T30,FPQ-8303,SO-40491,DN-2592,Tanzania,PMO - US,From RDC,N/A - From RDC,Truck,8/22/11,N/A - From RDC,8-May-12,11-Apr-12,11-Apr-12,ARV,Pediatric,SCMS from RDC,"Lamivudine/Nevirapine/Zidovudine 30/50/60mg, dispersible tablets, 60 Tabs",Lamivudine/Nevirapine/Zidovudine,Generic,30/50/60mg,Chewable/dispersible tablet - FDC,60,5603,23812.75,4.25,0.07,Mylan (formerly Matrix) Nashik,Yes,316,3279.25,39.29
85926,109-TZ-T30,FPQ-10545,SO-43100,DN-2983,Tanzania,PMO - US,From RDC,N/A - From RDC,Truck,8/24/12,N/A - From RDC,11-Mar-13,18-Feb-13,18-Feb-13,ARV,Adult,SCMS from RDC,"Efavirenz/Emtricitabine/Tenofovir Disoproxil Fumarate 600/200/300mg, tablets, 30 Tabs",Efavirenz/Emtricitabine/Tenofovir Disoproxil Fumarate,Generic,600/200/300mg,Tablet - FDC,30,65379,895038.51,13.69,0.46,Mylan (formerly Matrix) Nashik,Yes,7385,Freight Included in Commodity Cost,1254.84
3787,116-ZA-T01,Pre-PQ Process,SCMS-47350,ASN-4287,South Africa,PMO - US,Direct Drop,DDP,Truck,Pre-PQ Process,4/2/09,15-May-09,4-May-09,4-May-09,ARV,Pediatric,S. BUYS WHOLESALER,"Zidovudine 100mg [Retrovir], capsules, 100 Caps",Zidovudine,Retrovir,100mg,Capsule,100,30,371.1,12.37,0.12,GSK Crawley,Yes,Weight Captured Separately,Freight Included in Commodity Cost,0.73
58806,116-ZA-T30,FPQ-4054,SCMS-51251,ASN-5340,South Africa,PMO - US,Direct Drop,DDP,Truck,7/29/09,8/7/09,7-Oct-09,7-Oct-09,7-Oct-09,ARV,Adult,S. BUYS WHOLESALER,"Efavirenz 600mg, tablets, 30 Tabs",Efavirenz,Generic,600mg,Tablet,30,1440,27430.13,19.05,0.64,"Cipla, Goa, India",Yes,Weight Captured Separately,Freight Included in Commodity Cost,53.76
12181,112-NG-T01,Pre-PQ Process,SO-10030,DN-840,Nigeria,PMO - US,From RDC,N/A - From RDC,Air,Pre-PQ Process,N/A - From RDC,3-Aug-08,3-Aug-08,3-Aug-08,ARV,Adult,SCMS from RDC,"Abacavir 300mg, tablets, 60 Tabs",Abacavir,Generic,300mg,Tablet,60,4,105.2,26.3,0.44,Mylan (formerly Matrix) Nashik,No,See DN-840 (ID#:12179),See DN-840 (ID#:12179),0.17
37487,116-ZA-T30,FPQ-12522,SCMS-199289,ASN-28033,South Africa,PMO - US,Direct Drop,DDP,Truck,7/11/13,8/29/14,29-Aug-14,29-Aug-14,29-Aug-14,ARV,Pediatric,S. BUYS WHOLESALER,"Lopinavir/Ritonavir 100/25mg [Aluvia], tablets, 60 Tabs",Lopinavir/Ritonavir,Generic,100/25mg,Tablet,60,6,38.64,6.44,0.11,ABBVIE Ludwigshafen Germany,No,Weight Captured Separately,Freight Included in Commodity Cost,0.05
10735,111-MZ-T01,Pre-PQ Process,SO-15083,DN-1055,Mozambique,PMO - US,From RDC,N/A - From RDC,Air,Pre-PQ Process,N/A - From RDC,18-Mar-09,18-Mar-09,18-Mar-09,ARV,Adult,SCMS from RDC,"Lamivudine/Nevirapine/Stavudine 150/200/30mg, tablets, 60 Tabs",Lamivudine/Nevirapine/Stavudine,Generic,150/200/30mg,Tablet - FDC,60,115130,828936.0,7.2,0.12,"Strides, Bangalore, India.",Yes,8693,6757.33,1624.71
14309,108-VN-T30,FPQ-10286,SCMS-155700,ASN-17018,Vietnam,PMO - US,Direct Drop,FCA,Air,7/25/12,8/14/12,15-Jan-13,15-Jan-13,15-Jan-13,ARV,Adult,ABBVIE LOGISTICS (FORMERLY ABBOTT LOGISTICS BV),"Lopinavir/Ritonavir 200/50mg [Aluvia], tablets, 120 Tabs",Lopinavir/Ritonavir,Aluvia,200/50mg,Tablet,120,3812,231845.84,60.82,0.51,ABBVIE Ludwigshafen Germany,Yes,824,3216.15,325.05
9024,116-ZA-T01,Pre-PQ Process,SCMS-40840,ASN-3779,South Africa,PMO - US,Direct Drop,DDP,Air,Pre-PQ Process,Date Not Captured,3-Apr-09,3-Apr-09,3-Apr-09,ARV,Adult,S. BUYS WHOLESALER,"Stavudine 30mg, capsules, 60 Caps",Stavudine,Generic,30mg,Capsule,60,25637,63323.39,2.47,0.04,"Aurobindo Unit III, India",Yes,Weight Captured Separately,Freight Included in Commodity Cost,124.11
82946,200-ZW-T30,FPQ-6483,SO-39280,DN-2179,Zimbabwe,PMO - US,From RDC,N/A - From RDC,Truck,10/13/10,N/A - From RDC,4-Apr-11,20-May-11,20-May-11,ARV,Pediatric,SCMS from RDC,"Lamivudine/Stavudine 30/6mg, dispersible tablets, 60 Tabs",Lamivudine/Stavudine,Generic,30/6mg,Chewable/dispersible tablet - FDC,60,3453,6560.7,1.9,0.03,"Cipla, Goa, India",Yes,687,3403.99,14.14
1298,108-VN-T01,Pre-PQ Process,SCMS-262,ASN-386,Vietnam,PMO - US,Direct Drop,EXW,Air,Pre-PQ Process,1/9/07,12-May-07,12-May-07,12-May-07,ARV,Adult,CIPLA LIMITED,"Lamivudine/Nevirapine/Stavudine 150/200/30mg, tablets, 60 Tabs",Lamivudine/Nevirapine/Stavudine,Generic,150/200/30mg,Tablet - FDC,60,70000,525000.0,7.5,0.12,"Cipla, Goa, India",Yes,6813,31858.09,
86492,110-ZM-T30,FPQ-9472,SO-41712,DN-2750,Zambia,PMO - US,From RDC,N/A - From RDC,Truck,3/8/12,N/A - From RDC,26-Jul-12,30-Jul-12,30-Jul-12,ARV,Adult,SCMS from RDC,"Efavirenz 600mg, tablets, 30 Tabs",Efavirenz,Generic,600mg,Tablet,30,70156,267294.36,3.81,0.13,"Aurobindo Unit III, India",Yes,6022,18219.83,374.75
11235,109-TZ-T01,Pre-PQ Process,SO-2560,DN-826,Tanzania,PMO - US,From RDC,N/A - From RDC,Air,Pre-PQ Process,N/A - From RDC,29-Jul-08,29-Jul-08,29-Jul-08,ARV,Adult,SCMS from RDC,"Lamivudine/Zidovudine 150/300mg, tablets, 60 Tabs",Lamivudine/Zidovudine,Generic,150/300mg,Tablet - FDC,60,5809,54895.05,9.45,0.16,"Aurobindo Unit III, India",No,See DN-826 (ID#:10674),See DN-826 (ID#:10674),87.83
12567,111-MZ-T01,Pre-PQ Process,SO-27870,DN-1195,Mozambique,PMO - US,From RDC,N/A - From RDC,Air,Pre-PQ Process,N/A - From RDC,16-Jun-09,16-Jun-09,16-Jun-09,ARV,Adult,SCMS from RDC,"Lamivudine/Nevirapine/Zidovudine 150/200/300mg, tablets, 60 Tabs",Lamivudine/Nevirapine/Zidovudine,Generic,150/300/200mg,Tablet - FDC,60,26292,310245.6,11.8,0.2,Mylan (formerly Matrix) Nashik,Yes,3218,15990.35,608.08
83972,106-HT-T30,FPQ-4469,SO-35170,DN-1605,Haiti,PMO - US,From RDC,N/A - From RDC,Air,9/23/09,N/A - From RDC,11-Jan-10,8-Jan-10,8-Jan-10,ARV,Adult,SCMS from RDC,"Efavirenz 600mg, tablets, 30 Tabs",Efavirenz,Generic,600mg,Tablet,30,13577,78475.06,5.78,0.19,"Aurobindo Unit III, India",No,See DN-1605 (ID#:82284),See DN-1605 (ID#:82284),169.19
11706,102-GY-T01,Pre-PQ Process,SO-387,DN-42,Guyana,PMO - US,From RDC,N/A - From RDC,Air,Pre-PQ Process,N/A - From RDC,8-Mar-07,8-Mar-07,8-Mar-07,HRDT,HIV test,SCMS from RDC,"HIV 1/2, Determine Complete HIV Kit, 100 Tests","HIV 1/2, Determine Complete HIV Kit",Determine,,Test kit,100,210,16800.0,80.0,0.8,ABBVIE GmbH & Co.KG Wiesbaden,Yes,60,6012,
8271,128-BJ-T01,Pre-PQ Process,SCMS-17290,ASN-1355,Benin,PMO - US,Direct Drop,EXW,Air,Pre-PQ Process,2/6/08,4-Mar-08,4-Mar-08,4-Mar-08,HRDT,HIV test,"Standard Diagnostics, Inc.","HIV 1/2, Bioline 3.0 Kit, Lancets, Capillary pipets, Alcohol swabs included, 25 Tests","HIV 1/2, Bioline 3.0 Kit, Lancets, Capillary pipets, Alcohol swabs included",Bioline,,Test kit,25,232,4640.0,20.0,0.8,"Standard Diagnostics, Korea",Yes,70,1136.37,7.42
43807,161-ZA-T30,FPQ-7175,SCMS-103450,ASN-11509,South Africa,PMO - US,Direct Drop,DDP,Ocean,3/10/11,3/24/11,13-Oct-11,13-Oct-11,13-Oct-11,ARV,Pediatric,Aurobindo Pharma Limited,"Nevirapine 10mg/ml, oral suspension w/syringe, Bottle, 240 ml",Nevirapine,Generic,10mg/ml,Oral suspension,240,10603,23962.78,2.26,0.01,"Aurobindo Unit III, India",Yes,3818,11234.1,39.54
49585,111-MZ-T30,FPQ-13395,SCMS-219210,ASN-24127,Mozambique,PMO - US,Direct Drop,EXW,Air,12/11/13,12/17/13,14-Feb-14,14-Feb-14,28-Mar-14,ARV,Adult,HETERO LABS LIMITED,"Lamivudine/Nevirapine/Zidovudine 150/200/300mg, tablets, 60 Tabs",Lamivudine/Nevirapine/Zidovudine,Generic,150/300/200mg,Tablet - FDC,60,250000,2027500.0,8.11,0.14,Hetero Unit III Hyderabad IN,Yes,34074,146734.85,2084.27
40779,111-MZ-T30,FPQ-13093,SCMS-211561,ASN-25196,Mozambique,PMO - US,Direct Drop,EXW,Air,10/15/13,11/13/13,2-May-14,2-May-14,2-May-14,HRDT,HIV test,"Orgenics, Ltd","HIV 1/2, Determine Complete HIV Kit, 100 Tests","HIV 1/2, Determine Complete HIV Kit",Determine,,Test kit,100,8898,711840.0,80.0,0.8,"Alere Medical Co., Ltd.",Yes,3611,24079.79,731.77
62107,108-VN-T30,FPQ-9001,SCMS-131650,ASN-14875,Vietnam,PMO - US,Direct Drop,EXW,Air,12/15/11,1/18/12,5-Jun-12,5-Jun-12,5-Jun-12,ARV,Pediatric,Aurobindo Pharma Limited,"Lamivudine 10mg/ml, oral solution w/syringe, Bottle, 240 ml",Lamivudine,Generic,10mg/ml,Oral solution,240,300,555.0,1.85,0.01,"Aurobindo Unit III, India",No,See ASN-14875 (ID#:35053),See ASN-14875 (ID#:35053),0.78
50907,102-BI-T30,FPQ-15186,SCMS-260840,ASN-33517,Burundi,PMO - US,Direct Drop,EXW,Air,10/17/14,11/12/14,21-Aug-15,21-Aug-15,21-Aug-15,HRDT,HIV test,"Orgenics, Ltd","HIV 1/2, Determine Complete HIV Kit, 100 Tests","HIV 1/2, Determine Complete HIV Kit",Determine,,Test kit,100,2018,161440.0,80.0,0.8,"Alere Medical Co., Ltd.",Yes,Weight Captured Separately,Invoiced Separately,190.01
30462,116-ZA-T30,FPQ-3596,SCMS-50360,ASN-5453,South Africa,PMO - US,Direct Drop,DDP,Truck,5/7/09,9/22/09,28-Oct-09,28-Oct-09,28-Oct-09,ARV,Pediatric,S. BUYS WHOLESALER,"Stavudine 1mg/ml, powder for oral solution, 200 ml",Stavudine,Generic,1mg/ml,Oral solution,200,500,1368.58,2.74,0.01,"Aurobindo Unit III, India",Yes,Weight Captured Separately,Freight Included in Commodity Cost,2.68
58744,108-VN-T30,FPQ-16194,SCMS-285490,ASN-33145,Vietnam,PMO - US,Direct Drop,EXW,Air,4/14/15,5/13/15,7-Sep-15,7-Sep-15,7-Sep-15,ARV,Adult,HETERO LABS LIMITED,"Efavirenz/Lamivudine/Tenofovir Disoproxil Fumarate 600/300/300mg, tablets, 30 Tabs",Efavirenz/Lamivudine/Tenofovir Disoproxil Fumarate,Generic,600/300/300mg,Tablet - FDC,30,17760,168720.0,9.5,0.32,Hetero Unit III Hyderabad IN,Yes,Weight Captured Separately,Invoiced Separately,198.58
48184,107-RW-T30,FPQ-14813,SCMS-261760,ASN-29891,Rwanda,PMO - US,Direct Drop,EXW,Air,10/9/14,12/15/14,15-Jan-15,15-Jan-15,24-Feb-15,ARV,Pediatric,Aurobindo Pharma Limited,"Lopinavir/Ritonavir 100/25mg, tablets, 60 Tabs",Lopinavir/Ritonavir,Generic,100/25mg,Tablet,60,1592,12799.68,8.04,0.13,"Aurobindo Unit III, India",Yes,167,1923.14,13.16
84231,113-ZW-T30,FPQ-10895,SO-43580,DN-3033,Zimbabwe,PMO - US,From RDC,N/A - From RDC,Truck,10/25/12,N/A - From RDC,31-Mar-13,14-Mar-13,14-Mar-13,ARV,Adult,SCMS from RDC,"Lamivudine/Zidovudine 150/300mg, tablets, 60 Tabs",Lamivudine/Zidovudine,Generic,150/300mg,Tablet - FDC,60,4800,34896.0,7.27,0.12,"Aurobindo Unit III, India",No,See DN-3033 (ID#:83658),See DN-3033 (ID#:83658),43.17
83020,109-TZ-T30,FPQ-8297,SO-40631,DN-2591,Tanzania,PMO - US,From RDC,N/A - From RDC,Truck,8/22/11,N/A - From RDC,30-Apr-12,11-Apr-12,11-Apr-12,ARV,Adult,SCMS from RDC,"Efavirenz/Emtricitabine/Tenofovir Disoproxil Fumarate 600/200/300mg, tablets, 30 Tabs",Efavirenz/Emtricitabine/Tenofovir Disoproxil Fumarate,Generic,600/200/300mg,Tablet - FDC,30,131280,2196314.4,16.73,0.56,Mylan (formerly Matrix) Nashik,Yes,15032,3279.25,3623.92
11850,117-ET-T01,Pre-PQ Process,SO-1528,DN-542,Ethiopia,PMO - US,From RDC,N/A - From RDC,Air,Pre-PQ Process,N/A - From RDC,29-Jan-08,29-Jan-08,29-Jan-08,ARV,Adult,SCMS from RDC,"Nevirapine 200mg, tablets, 60 Tabs",Nevirapine,Generic,200mg,Tablet,60,55560,188904.0,3.4,0.06,"Aurobindo Unit III, India",Yes,5181,17975.21,302.25
84934,105-GY-T30,FPQ-14042,SO-48500,DN-3737,Guyana,PMO - US,From RDC,N/A - From RDC,Air,4/9/14,N/A - From RDC,30-Jun-14,3-Jun-14,18-Jul-14,ARV,Adult,SCMS from RDC,"Lopinavir/Ritonavir 200/50mg, tablets, 120 Tabs",Lopinavir/Ritonavir,Generic,200/50mg,Tablet,120,1031,20321.01,19.71,0.16,Mylan (formerly Matrix) Nashik,Yes,298,4353.04,20.89
54251,105-GY-T30,FPQ-10268,SCMS-154470,ASN-16561,Guyana,PMO - US,Direct Drop,EXW,Air,7/16/12,7/27/12,19-Oct-12,19-Oct-12,19-Oct-12,ARV,Adult,Aurobindo Pharma Limited,"Lopinavir/Ritonavir 200/50mg, tablets, 120 Tabs",Lopinavir/Ritonavir,Generic,200/50mg,Tablet,120,954,22896.0,24.0,0.2,"Aurobindo Unit III, India",Yes,243,2492.47,32.1
11804,110-ZM-T01,Pre-PQ Process,SO-1030,DN-419,Zambia,PMO - US,From RDC,N/A - From RDC,Air,Pre-PQ Process,N/A - From RDC,13-Nov-07,13-Nov-07,13-Nov-07,ARV,Adult,SCMS from RDC,"Lopinavir/Ritonavir 200/50mg [Aluvia], tablets, 120 Tabs",Lopinavir/Ritonavir,Aluvia,200/50mg,Tablet,120,12240,503064.0,41.1,0.34,ABBVIE (Abbott) Logis. UK,Yes,2678,9008.48,804.9
73996,104-CI-T30,FPQ-12806,SCMS-206580,ASN-22054,Côte d'Ivoire,PMO - US,Direct Drop,EXW,Air,8/9/13,9/16/13,4-Nov-13,4-Nov-13,5-Nov-13,ARV,Adult,MYLAN LABORATORIES LTD (FORMERLY MATRIX LABORATORIES),"Atazanavir/Ritonavir 300/100mg, tablets, 30 Tabs",Atazanavir/Ritonavir,Generic,300/100mg,Tablet,30,4500,90000.0,20.0,0.67,Mylan (formerly Matrix) Nashik,Yes,608,4568.92,111.33
82972,200-ZW-T30,FPQ-6483,SO-38900,DN-2318,Zimbabwe,PMO - US,From RDC,N/A - From RDC,Truck,10/13/10,N/A - From RDC,30-Sep-11,23-Sep-11,23-Sep-11,ARV,Pediatric,SCMS from RDC,"Didanosine 200mg, delayed-release capsules, 30 Caps",Didanosine,Generic,200mg,Delayed-release capsules,30,36,396.0,11.0,0.37,"Aurobindo Unit III, India",No,See DN-2318 (ID#:82971),See DN-2318 (ID#:82971),0.85
82698,151-NG-T30,FPQ-14156,SO-48901,DN-3807,Nigeria,PMO - US,From RDC,N/A - From RDC,Air Charter,4/25/14,N/A - From RDC,31-Oct-14,20-Jun-14,25-Jun-14,ARV,Adult,SCMS from RDC,"Lamivudine/Tenofovir Disoproxil Fumarate 300/300mg, tablets, 30 Tabs",Lamivudine/Tenofovir Disoproxil Fumarate,Generic,300/300mg,Tablet - FDC,30,5000,23200.0,4.64,0.15,"Cipla, Kurkumbh, India",Yes,1447,28812.57,23.85
2684,112-NG-T01,Pre-PQ Process,SCMS-156,ASN-93,Nigeria,PMO - US,Direct Drop,EXW,Air,Pre-PQ Process,Date Not Captured,7-Dec-06,7-Dec-06,7-Dec-06,ARV,Adult,Aurobindo Pharma Limited,"Stavudine 40mg, capsules, 60 Caps",Stavudine,Generic,40mg,Capsule,60,166,356.9,2.15,0.04,"Aurobindo Unit III, India",No,See ASN-93 (ID#:1281),See ASN-93 (ID#:1281),
35043,108-VN-T30,FPQ-14516,SCMS-251680,ASN-29385,Vietnam,PMO - US,Direct Drop,EXW,Air,7/9/14,8/11/14,24-Dec-14,13-Dec-14,13-Dec-14,ARV,Adult,HETERO LABS LIMITED,"Efavirenz/Lamivudine/Tenofovir Disoproxil Fumarate 600/300/300mg, tablets, 30 Tabs",Efavirenz/Lamivudine/Tenofovir Disoproxil Fumarate,Generic,600/300/300mg,Tablet - FDC,30,18880,198240.0,10.5,0.35,Hetero Unit III Hyderabad IN,Yes,2452,3691.22,203.79
12671,104-CI-T01,Pre-PQ Process,SO-815,DN-262,Côte d'Ivoire,PMO - US,From RDC,N/A - From RDC,,Pre-PQ Process,N/A - From RDC,3-Aug-07,3-Aug-07,3-Aug-07,ARV,Adult,SCMS from RDC,"Lamivudine 150mg, tablets, 60 Tabs",Lamivudine,Generic,150mg,Tablet,60,22047,67022.88,3.04,0.05,"Ranbaxy, Paonta Shahib, India",Yes,1057,3348,107.24
35983,108-VN-T30,FPQ-5317,SCMS-69710,ASN-7510,Vietnam,PMO - US,Direct Drop,EXW,Air,3/22/10,3/29/10,9-Aug-10,9-Aug-10,9-Aug-10,ARV,Adult,MYLAN LABORATORIES LTD (FORMERLY MATRIX LABORATORIES),"Tenofovir Disoproxil Fumarate 300mg, tablets, 30 Tabs",Tenofovir Disoproxil Fumarate,Generic,300mg,Tablet,30,3686,25802.0,7.0,0.23,Mylan (formerly Matrix) Nashik,Yes,255,6518.69,55.63
85390,101-CD-T30,FPQ-12088,SO-45030,DN-3269,"Congo, DRC",PMO - US,From RDC,N/A - From RDC,Air,4/12/13,N/A - From RDC,28-Aug-13,8-Feb-14,11-Mar-14,ARV,Pediatric,SCMS from RDC,"Lamivudine/Zidovudine 30/60mg, tablets, 60 Tabs",Lamivudine/Zidovudine,Generic,30/60mg,Tablet - FDC,60,1413,3193.38,2.26,0.04,"Aurobindo Unit III, India",No,See DN-3269 (ID#:83711),See DN-3269 (ID#:83711),3.95
16255,103-KE-T30,FPQ-10018,SCMS-149610,ASN-15367,Kenya,PMO - US,Direct Drop,EXW,Air,6/5/12,6/14/12,9-Jul-12,9-Jul-12,9-Jul-12,HRDT,HIV test,"Orgenics, Ltd","HIV 1/2, Determine Complete HIV Kit, 100 Tests","HIV 1/2, Determine Complete HIV Kit",Determine,,Test kit,100,7999,711911.0,89.0,0.89,"Alere Medical Co., Ltd.",Yes,1378,14842.19,998.1
25844,109-TZ-T30,FPQ-9211,SCMS-136920,ASN-14276,Tanzania,PMO - US,Direct Drop,EXW,Air,1/25/12,2/17/12,8-May-12,8-May-12,8-May-12,HRDT,HIV test,"Orgenics, Ltd","HIV 1/2, Determine Complete HIV Kit, 100 Tests","HIV 1/2, Determine Complete HIV Kit",Determine,,Test kit,100,1130,90400.0,80.0,0.8,"Alere Medical Co., Ltd.",Yes,537,10626.8,126.74
85980,104-CI-T30,FPQ-11253,SO-44230,DN-3215,Côte d'Ivoire,PMO - US,From RDC,N/A - From RDC,Truck,12/14/12,N/A - From RDC,31-Jul-13,6-Aug-13,6-Aug-13,ARV,Adult,SCMS from RDC,"Lopinavir/Ritonavir 200/50mg, tablets, 120 Tabs",Lopinavir/Ritonavir,Generic,200/50mg,Tablet,120,16000,336000.0,21.0,0.18,"Aurobindo Unit III, India",Yes,3893,17548.41,415.63
85265,113-ZW-T30,FPQ-8464,SO-40883,DN-2693,Zimbabwe,PMO - US,From RDC,N/A - From RDC,Truck,10/4/11,N/A - From RDC,14-Aug-12,27-Jun-12,27-Jun-12,ARV,Adult,SCMS from RDC,"Lamivudine/Stavudine 150/30mg, tablets, 60 Tabs",Lamivudine/Stavudine,Generic,150/30mg,Tablet - FDC,60,7150,21092.5,2.95,0.05,"Strides, Bangalore, India.",No,See DN-2693 (ID#:82481),See DN-2693 (ID#:82481),34.8
83483,104-CI-T30,FPQ-6144,SO-38380,DN-2106,Côte d'Ivoire,PMO - US,From RDC,N/A - From RDC,Air,8/3/10,N/A - From RDC,31-Jan-11,22-Feb-11,22-Feb-11,ARV,Adult,SCMS from RDC,"Lamivudine/Zidovudine 150/300mg, tablets, 60 Tabs",Lamivudine/Zidovudine,Generic,150/300mg,Tablet - FDC,60,18507,158234.85,8.55,0.14,"Aurobindo Unit III, India",No,See DN-2106 (ID#:82933),See DN-2106 (ID#:82933),341.15
83661,106-HT-T30,FPQ-11281,SO-44400,DN-3015,Haiti,PMO - US,From RDC,N/A - From RDC,Air,1/16/13,N/A - From RDC,9-Apr-13,14-Mar-13,14-Mar-13,ARV,Adult,SCMS from RDC,"Lopinavir/Ritonavir 200/50mg, tablets, 120 Tabs",Lopinavir/Ritonavir,Generic,200/50mg,Tablet,120,6160,152521.6,24.76,0.21,Mylan (formerly Matrix) Nashik,No,See DN-3015 (ID#:82554),See DN-3015 (ID#:82554),188.67
43918,116-ZA-T30,FPQ-13973,SCMS-238550,ASN-30792,South Africa,PMO - US,Direct Drop,DDP,Truck,4/30/14,5/8/14,19-Feb-15,19-Feb-15,19-Feb-15,ARV,Pediatric,PHARMACY DIRECT,"Efavirenz 200mg, capsule, 90 Caps",Efavirenz,Generic,200mg,Capsule,90,3,70.76,23.59,0.26,"Aurobindo Unit III, India",No,Weight Captured Separately,Freight Included in Commodity Cost,0.07
83273,901-NA-T30,FPQ-14723,SO-49510,DN-3906,Namibia,PMO - US,From RDC,N/A - From RDC,Air,7/30/14,N/A - From RDC,30-Sep-14,2-Sep-14,5-Sep-14,ARV,Adult,SCMS from RDC,"Lamivudine/Tenofovir Disoproxil Fumarate 300/300mg, tablets, 30 Tabs",Lamivudine/Tenofovir Disoproxil Fumarate,Generic,300/300mg,Tablet - FDC,30,45000,208350.0,4.63,0.15,Hetero Unit III Hyderabad IN,Yes,4688,32063.3,214.18
86427,104-CI-T30,FPQ-7659,SO-40120,DN-2449,Côte d'Ivoire,PMO - US,From RDC,N/A - From RDC,Air,5/3/11,N/A - From RDC,30-Dec-11,5-Dec-11,5-Dec-11,ARV,Adult,SCMS from RDC,"Efavirenz 600mg, tablets, 30 Tabs",Efavirenz,Generic,600mg,Tablet,30,7132,30097.04,4.22,0.14,"Strides, Bangalore, India.",Yes,434,3526.27,49.66
63826,104-CI-T30,FPQ-12150,SCMS-191930,ASN-23812,Côte d'Ivoire,PMO - US,Direct Drop,FCA,Air,4/29/13,6/12/13,24-Jan-14,24-Jan-14,27-Jan-14,ARV,Pediatric,ABBVIE LOGISTICS (FORMERLY ABBOTT LOGISTICS BV),"Lopinavir/Ritonavir 80/20mg/ml [Kaletra], oral solution, cool, Bottle 5 x 60 ml",Lopinavir/Ritonavir,Kaletra,80/20mg/ml,Oral solution,300,340,10478.8,30.82,0.1,ABBVIE (Abbott) Logis. UK,Yes,336,3899.33,12.96
84966,107-RW-T30,FPQ-14111,SO-48760,DN-3857,Rwanda,PMO - US,From RDC,N/A - From RDC,Air,4/22/14,N/A - From RDC,30-Jul-14,1-Aug-14,22-Aug-14,ARV,Pediatric,SCMS from RDC,"Lamivudine/Nevirapine/Zidovudine 30/50/60mg, dispersible tablets, 60 Tabs",Lamivudine/Nevirapine/Zidovudine,Generic,30/50/60mg,Chewable/dispersible tablet - FDC,60,2274,8527.5,3.75,0.06,"Strides, Bangalore, India.",Yes,100,1511.4,8.77
10824,100-CI-T01,Pre-PQ Process,SO-430,DN-75,Côte d'Ivoire,PMO - US,From RDC,N/A - From RDC,,Pre-PQ Process,N/A - From RDC,30-Apr-07,30-Apr-07,30-Apr-07,ARV,Adult,SCMS from RDC,"Lamivudine/Zidovudine 150/300mg, tablets, 60 Tabs",Lamivudine/Zidovudine,Generic,150/300mg,Tablet - FDC,60,6945,71186.25,10.25,0.17,"Aurobindo Unit III, India",Yes,650,2457,
51396,161-ZA-T30,FPQ-5648,SCMS-75650,ASN-9933,South Africa,PMO - US,Direct Drop,DDP,Ocean,6/2/10,6/17/10,17-Mar-11,17-Mar-11,17-Mar-11,ARV,Pediatric,Aurobindo Pharma Limited,"Lamivudine 10mg/ml, oral solution w/syringe, Bottle, 240 ml",Lamivudine,Generic,10mg/ml,Oral solution,240,11640,24676.8,2.12,0.01,"Aurobindo Unit III, India",Yes,Weight Captured Separately,Freight Included in Commodity Cost,53.2
84971,101-CD-T30,FPQ-14252,SO-48851,DN-3901,"Congo, DRC",PMO - US,From RDC,N/A - From RDC,Air,5/7/14,N/A - From RDC,30-Sep-14,24-Oct-14,10-Nov-14,ARV,Pediatric,SCMS from RDC,"Zidovudine 10mg/ml, oral solution w/syringe, Bottle, 240 ml",Zidovudine,Generic,10mg/ml,Oral solution,240,1090,2289.0,2.1,0.01,"Cipla, Goa, India",Yes,408,5580.44,2.35
86456,151-NG-T30,FPQ-8952,SO-41266,DN-2568,Nigeria,PMO - US,From RDC,N/A - From RDC,Air Charter,12/8/11,N/A - From RDC,20-Jun-12,16-Feb-12,16-Feb-12,ARV,Adult,SCMS from RDC,"Nevirapine 200mg, tablets, 60 Tabs",Nevirapine,Generic,200mg,Tablet,60,98645,254504.1,2.58,0.04,"Aurobindo Unit III, India",No,See DN-2568 (ID#:82455),See DN-2568 (ID#:82455),356.81
19647,161-ZA-T30,FPQ-7400,SCMS-104240,ASN-12269,South Africa,PMO - US,Direct Drop,DDP,Ocean,3/11/11,3/30/11,18-Nov-11,18-Nov-11,18-Nov-11,ARV,Pediatric,GLAXOSMITHKLINE EXPORT LIMITED,"Abacavir 20mg/ml [Ziagen], oral solution, Bottle, 240 ml",Abacavir,Ziagen,20mg/ml,Oral solution,240,20000,185600.0,9.28,0.04,GSK Mississauga (Canada),Yes,7664,17022.13,306.24
20975,116-ZA-T30,FPQ-12522,SCMS-199283,ASN-27975,South Africa,PMO - US,Direct Drop,DDP,Truck,7/11/13,8/27/14,27-Aug-14,27-Aug-14,27-Aug-14,ARV,Adult,S. BUYS WHOLESALER,"Tenofovir Disoproxil Fumarate 300mg, tablets, 30 Tabs",Tenofovir Disoproxil Fumarate,Generic,300mg,Tablet,30,1,22.6,22.6,0.75,"Aurobindo Unit III, India",Yes,Weight Captured Separately,Freight Included in Commodity Cost,0.03
68553,108-VN-T30,FPQ-11417,SCMS-174420,ASN-18913,Vietnam,PMO - US,Direct Drop,EXW,Air,1/10/13,1/22/13,24-Apr-13,24-Apr-13,24-Apr-13,ARV,Adult,HETERO LABS LIMITED,"Tenofovir Disoproxil Fumarate 300mg, tablets, 30 Tabs",Tenofovir Disoproxil Fumarate,Generic,300mg,Tablet,30,42660,151443.0,3.55,0.12,Hetero Unit III Hyderabad IN,Yes,3442,10533.01,187.33
85035,104-CI-T30,FPQ-14370,SO-49090,DN-4177,Côte d'Ivoire,PMO - US,From RDC,N/A - From RDC,Truck,5/23/14,N/A - From RDC,29-May-15,29-May-15,18-Jun-15,ARV,Adult,SCMS from RDC,"Tenofovir Disoproxil Fumarate 300mg, tablets, 30 Tabs",Tenofovir Disoproxil Fumarate,Generic,300mg,Tablet,30,7500,26625.0,3.55,0.12,Mylan (formerly Matrix) Nashik,No,See DN-4177 (ID#:82804),See DN-4177 (ID#:82804),27.37
84252,151-NG-T30,FPQ-11022,SO-43843,DN-3130,Nigeria,PMO - US,From RDC,N/A - From RDC,Air Charter,11/15/12,N/A - From RDC,21-May-13,3-May-13,3-May-13,ARV,Adult,SCMS from RDC,"Lopinavir/Ritonavir 200/50mg, tablets, 120 Tabs",Lopinavir/Ritonavir,Generic,200/50mg,Tablet,120,7677,167205.06,21.78,0.18,Mylan (formerly Matrix) Nashik,Yes,16376,14547.55,206.83
57905,116-ZA-T30,FPQ-14942,SCMS-259076,ASN-32524,South Africa,PMO - US,Direct Drop,DDP,Truck,9/11/14,6/2/15,2-Jun-15,2-Jun-15,2-Jun-15,ARV,Adult,PHARMACY DIRECT,"Didanosine 400mg, delayed-release capsules, 30 Caps",Didanosine,Generic,400mg,Delayed-release capsules,30,6,85.31,14.22,0.47,"Aurobindo Unit III, India",No,Weight Captured Separately,Freight Included in Commodity Cost,0.09
67022,108-VN-T30,FPQ-4720,SCMS-62460,ASN-6355,Vietnam,PMO - US,Direct Drop,EXW,Air,1/4/09,1/12/10,29-Mar-10,29-Mar-10,29-Mar-10,ARV,Adult,MYLAN LABORATORIES LTD (FORMERLY MATRIX LABORATORIES),"Zidovudine 300mg, tablets, 60 Tabs",Zidovudine,Generic,300mg,Tablet,60,336,2520.0,7.5,0.12,Mylan (formerly Matrix) Nashik,No,See ASN-6355 (ID#:16828),See ASN-6355 (ID#:16828),5.43
30186,108-VN-T30,FPQ-5899,SCMS-77270,ASN-7730,Vietnam,PMO - US,Direct Drop,EXW,Air,6/23/10,6/30/10,3-Nov-10,3-Nov-10,3-Nov-10,ARV,Adult,MYLAN LABORATORIES LTD (FORMERLY MATRIX LABORATORIES),"Abacavir 300mg, tablets, 60 Tabs",Abacavir,Generic,300mg,Tablet,60,200,3148.0,15.74,0.26,Mylan (formerly Matrix) Nashik,Yes,22,3587.81,6.79
86501,114-UG-T30,FPQ-9876,SO-42311,DN-2780,Uganda,PMO - US,From RDC,N/A - From RDC,Air,5/15/12,N/A - From RDC,11-Sep-12,8-Aug-12,8-Aug-12,ARV,Adult,SCMS from RDC,"Lopinavir/Ritonavir 200/50mg, tablets, 120 Tabs",Lopinavir/Ritonavir,Generic,200/50mg,Tablet,120,2427,72033.36,29.68,0.25,Mylan (formerly Matrix) Nashik,Yes,647,7263.17,100.99
76063,106-HT-T30,FPQ-11443,SCMS-180980,ASN-20515,Haiti,PMO - US,Direct Drop,EXW,Air,2/7/13,3/22/13,14-Aug-13,14-Aug-13,14-Aug-13,ARV,Pediatric,MYLAN LABORATORIES LTD (FORMERLY MATRIX LABORATORIES),"Lamivudine/Zidovudine 30/60mg, tablets, 60 Tabs",Lamivudine/Zidovudine,Generic,30/60mg,Tablet - FDC,60,3192,6703.2,2.1,0.04,Mylan (formerly Matrix) Nashik,Yes,157,2010.69,8.29
83717,105-GY-T30,FPQ-12047,SO-45040,DN-3332,Guyana,PMO - US,From RDC,N/A - From RDC,Air,4/15/13,N/A - From RDC,30-Sep-13,4-Oct-13,22-Oct-13,ARV,Pediatric,SCMS from RDC,"Efavirenz 200mg, scored tablets, 90 Tabs",Efavirenz,Generic,200mg,Tablet,90,98,911.4,9.3,0.1,"Strides, Bangalore, India.",Yes,7,4317.96,1.13
83607,151-NG-T30,FPQ-9432,SO-42803,DN-2769,Nigeria,PMO - US,From RDC,N/A - From RDC,Air Charter,3/1/12,N/A - From RDC,2-Aug-12,24-Jul-12,24-Jul-12,ARV,Adult,SCMS from RDC,"Lamivudine/Tenofovir Disoproxil Fumarate 300/300mg, tablets, 30 Tabs",Lamivudine/Tenofovir Disoproxil Fumarate,Generic,300/300mg,Tablet - FDC,30,1161,6431.94,5.54,0.18,"Cipla, Kurkumbh, India",Yes,2566,16532.5,9.02
83181,113-ZW-T30,FPQ-11545,SO-44360,DN-3413,Zimbabwe,PMO - US,From RDC,N/A - From RDC,Truck,1/24/13,N/A - From RDC,30-Nov-13,25-Nov-13,9-Dec-13,ARV,Adult,SCMS from RDC,"Nevirapine 200mg, tablets, 60 Tabs",Nevirapine,Generic,200mg,Tablet,60,51520,119011.2,2.31,0.04,"Cipla, Goa, India",Yes,19991,10942.88,147.22
84539,151-NG-T30,FPQ-4537,SO-35041,DN-1701,Nigeria,PMO - US,From RDC,N/A - From RDC,Air Charter,11/6/09,N/A - From RDC,19-Apr-10,31-Mar-10,31-Mar-10,ARV,Adult,SCMS from RDC,"Lamivudine/Nevirapine/Stavudine 150/200/30mg, tablets, 60 Tabs",Lamivudine/Nevirapine/Stavudine,Generic,150/200/30mg,Tablet - FDC,60,20,122.2,6.11,0.1,"Strides, Bangalore, India.",Yes,2,Freight Included in Commodity Cost,0.26
78479,106-HT-T30,FPQ-12590,SCMS-210430,ASN-22715,Haiti,PMO - US,Direct Drop,FCA,Air,8/21/13,10/22/13,12-Dec-13,12-Dec-13,13-Dec-13,ARV,Adult,ABBVIE LOGISTICS (FORMERLY ABBOTT LOGISTICS BV),"Lopinavir/Ritonavir 200/50mg [Aluvia], tablets, 120 Tabs",Lopinavir/Ritonavir,Aluvia,200/50mg,Tablet,120,1865,36031.8,19.32,0.16,ABBVIE Ludwigshafen Germany,Yes,463,3222.27,44.57
85248,113-ZW-T30,FPQ-8464,SO-40850,DN-2605,Zimbabwe,PMO - US,From RDC,N/A - From RDC,Truck,10/4/11,N/A - From RDC,13-Apr-12,10-Apr-12,10-Apr-12,ARV,Adult,SCMS from RDC,"Lamivudine/Stavudine 150/30mg, tablets, 60 Tabs",Lamivudine/Stavudine,Generic,150/30mg,Tablet - FDC,60,7150,21092.5,2.95,0.05,"Strides, Bangalore, India.",No,See DN-2605 (ID#:82467),See DN-2605 (ID#:82467),34.8
58372,104-CI-T30,FPQ-12806,SCMS-206560,ASN-23448,Côte d'Ivoire,PMO - US,Direct Drop,EXW,Air,8/9/13,9/17/13,3-Jan-14,3-Jan-14,6-Jan-14,ARV,Pediatric,Aurobindo Pharma Limited,"Nevirapine 50mg, dispersible tablets (tablets for oral suspension), 30 Tabs",Nevirapine,Generic,50mg,Chewable/dispersible tablet,30,7000,8750.0,1.25,0.04,"Aurobindo Unit III, India",Yes,482,5678.33,10.82
11712,100-HT-T01,Pre-PQ Process,SO-504,DN-112,Haiti,PMO - US,From RDC,N/A - From RDC,Air,Pre-PQ Process,N/A - From RDC,8-May-07,8-May-07,8-May-07,HRDT,HIV test,SCMS from RDC,"HIV 1/2, OraQuick Advance HIV Rapid Antibody Kit, 100 Tests","HIV 1/2, OraQuick Advance HIV Rapid Antibody Kit",OraQuick,,Test kit,100,15,6000.0,400.0,4.0,"Pacific Biotech, Thailand",Yes,Weight Captured Separately,977.64,
81358,103-ZW-T30,FPQ-9905,SCMS-148290,ASN-16418,Zimbabwe,PMO - US,Direct Drop,FCA,Air,5/29/12,7/18/12,8-Nov-12,8-Nov-12,8-Nov-12,ARV,Pediatric,ABBVIE LOGISTICS (FORMERLY ABBOTT LOGISTICS BV),"Lopinavir/Ritonavir 80/20mg/ml [Kaletra], oral solution, cool, Bottle 5 x 60 ml",Lopinavir/Ritonavir,Kaletra,80/20mg/ml,Oral solution,300,1500,46230.0,30.82,0.1,ABBVIE (Abbott) Logis. UK,Yes,1374,15504.4,64.81
17501,108-VN-T30,FPQ-12051,SCMS-188700,ASN-21668,Vietnam,PMO - US,Direct Drop,EXW,Air,5/3/13,5/15/13,25-Sep-13,25-Sep-13,25-Sep-13,ARV,Adult,HETERO LABS LIMITED,"Abacavir 300mg, tablets, 60 Tabs",Abacavir,Generic,300mg,Tablet,60,771,9444.75,12.25,0.2,Hetero Unit III Hyderabad IN,Yes,136,678.96,11.68
10588,104-CI-T01,Pre-PQ Process,SO-963,DN-323,Côte d'Ivoire,PMO - US,From RDC,N/A - From RDC,,Pre-PQ Process,N/A - From RDC,14-Sep-07,14-Sep-07,14-Sep-07,ARV,Adult,SCMS from RDC,"Indinavir 400mg [Crixivan], capsules, 180 Caps",Indinavir,Crixivan,400mg,Capsule,180,1076,53800.0,50.0,0.28,MSD Elkton USA,Yes,1286,7629.94,86.08
82431,110-ZM-T30,FPQ-7085,SO-38740,DN-2487,Zambia,PMO - US,From RDC,N/A - From RDC,Truck,2/3/11,N/A - From RDC,30-Jan-12,20-Jan-12,20-Jan-12,ARV,Adult,SCMS from RDC,"Nevirapine 200mg, tablets, 60 Tabs",Nevirapine,Generic,200mg,Tablet,60,13836,34728.36,2.51,0.04,"Aurobindo Unit VII, IN",Yes,1332,6476.7,57.3
83804,102-BI-T30,FPQ-12602,SO-46023,DN-3739,Burundi,PMO - US,From RDC,N/A - From RDC,Air,7/9/13,N/A - From RDC,16-Jun-14,4-Jun-14,9-Jul-14,ARV,Adult,SCMS from RDC,"Lamivudine/Zidovudine 150/300mg, tablets, 60 Tabs",Lamivudine/Zidovudine,Generic,150/300mg,Tablet - FDC,60,790,5150.8,6.52,0.11,Hetero Unit III Hyderabad IN,Yes,186,29.21,6.37
82271,114-UG-T30,FPQ-4065,SO-33010,DN-1417,Uganda,PMO - US,From RDC,N/A - From RDC,Air,8/6/09,N/A - From RDC,8-Oct-09,8-Oct-09,8-Oct-09,ARV,Adult,SCMS from RDC,"Lamivudine/Zidovudine 150/300mg, tablets, 60 Tabs",Lamivudine/Zidovudine,Generic,150/300mg,Tablet - FDC,60,400,3504.0,8.76,0.15,"Aurobindo Unit III, India",Yes,70,1764.84,6.87
71462,116-ZA-T30,FPQ-11828,SCMS-183950,ASN-19166,South Africa,South Africa Field Office,Direct Drop,DDP,Truck,3/18/13,Date Not Captured,16-Apr-13,16-Apr-13,16-Apr-13,ARV,Adult,S. BUYS WHOLESALER,"Lopinavir/Ritonavir 200/50mg [Aluvia], tablets, 120 Tabs",Lopinavir/Ritonavir,Aluvia,200/50mg,Tablet,120,1473,36814.05,24.99,0.21,ABBVIE Ludwigshafen Germany,No,Weight Captured Separately,Freight Included in Commodity Cost,45.54
78715,161-ZA-T30,FPQ-7175,SCMS-103930,ASN-12290,South Africa,PMO - US,Direct Drop,DDP,Ocean,3/10/11,3/28/11,23-Nov-11,23-Nov-11,23-Nov-11,ARV,Adult,STRIDES ARCOLAB LIMITED,"Lamivudine 150mg, tablets, 60 Tabs",Lamivudine,Generic,150mg,Tablet,60,515000,1251450.0,2.43,0.04,"Strides, Bangalore, India.",Yes,23655,37401.43,2064.89
10791,104-CI-T01,Pre-PQ Process,SO-32840,DN-1388,Côte d'Ivoire,PMO - US,From RDC,N/A - From RDC,Air,Date Not Captured,N/A - From RDC,28-Sep-09,28-Sep-09,28-Sep-09,ARV,Adult,SCMS from RDC,"Zidovudine 300mg, tablets, 60 Tabs",Zidovudine,Generic,300mg,Tablet,60,7000,52710.0,7.53,0.13,Hetero Unit III Hyderabad IN,Yes,396,6087.84,103.31
1954,108-VN-T01,Pre-PQ Process,SCMS-27290,ASN-2854,Vietnam,PMO - US,Direct Drop,FCA,Air,Pre-PQ Process,7/24/08,2-Dec-08,2-Dec-08,2-Dec-08,ARV,Adult,ABBVIE LOGISTICS (FORMERLY ABBOTT LOGISTICS BV),"Lopinavir/Ritonavir 200/50mg [Aluvia], tablets, 120 Tabs",Lopinavir/Ritonavir,Aluvia,200/50mg,Tablet,120,434,35674.8,82.2,0.68,ABBVIE Ludwigshafen Germany,Yes,113,2709.98,69.92
3552,102-GY-T01,Pre-PQ Process,SCMS-35570,ASN-3511,Guyana,PMO - US,Direct Drop,EXW,Air,Pre-PQ Process,12/11/08,17-Mar-09,17-Mar-09,17-Mar-09,HRDT,HIV test,"Orgenics, Ltd","HIV 1/2, Determine Complete HIV Kit, 100 Tests","HIV 1/2, Determine Complete HIV Kit",Determine,,Test kit,100,213,15336.0,72.0,0.72,Inverness Japan,Yes,64,1083.36,30.06
11017,114-UG-T01,Pre-PQ Process,SO-17780,DN-995,Uganda,PMO - US,From RDC,N/A - From RDC,Air,Pre-PQ Process,N/A - From RDC,2-Dec-08,2-Dec-08,2-Dec-08,ARV,Adult,SCMS from RDC,"Lamivudine 150mg, tablets, 60 Tabs",Lamivudine,Generic,150mg,Tablet,60,500,1450.0,2.9,0.05,"Aurobindo Unit III, India",Yes,26,1096.71,2.84
18664,108-VN-T30,FPQ-13034,SCMS-210150,ASN-24398,Vietnam,PMO - US,Direct Drop,EXW,Air,10/4/13,10/10/13,23-Apr-14,23-Apr-14,23-Apr-14,ARV,Adult,HETERO LABS LIMITED,"Abacavir 300mg, tablets, 60 Tabs",Abacavir,Generic,300mg,Tablet,60,1436,16442.2,11.45,0.19,Hetero Unit III Hyderabad IN,Yes,2832,7474.2,20.34
82470,151-NG-T30,FPQ-8952,SO-41920,DN-2645,Nigeria,PMO - US,From RDC,N/A - From RDC,Air Charter,12/8/11,N/A - From RDC,20-Jun-12,30-Apr-12,30-Apr-12,ARV,Adult,SCMS from RDC,"Lamivudine/Zidovudine 150/300mg, tablets, 60 Tabs",Lamivudine/Zidovudine,Generic,150/300mg,Tablet - FDC,60,29980,233244.4,7.78,0.13,Mylan (formerly Matrix) Nashik,Yes,2721,27441.22,327.01
85097,111-MZ-T30,FPQ-4471,SO-35490,DN-1698,Mozambique,PMO - US,From RDC,N/A - From RDC,Truck,9/14/09,N/A - From RDC,17-May-10,14-Apr-10,14-Apr-10,ARV,Adult,SCMS from RDC,"Lamivudine/Nevirapine/Zidovudine 150/200/300mg, tablets, 60 Tabs",Lamivudine/Nevirapine/Zidovudine,Generic,150/300/200mg,Tablet - FDC,60,30315,340134.3,11.22,0.19,"Aurobindo Unit III, India",Yes,3563,3423.26,666.66
10933,107-RW-T01,Pre-PQ Process,SO-1515,DN-570,Rwanda,PMO - US,From RDC,N/A - From RDC,Air,Pre-PQ Process,N/A - From RDC,28-Jan-08,28-Jan-08,28-Jan-08,ARV,Adult,SCMS from RDC,"Lamivudine 150mg, tablets, 60 Tabs",Lamivudine,Generic,150mg,Tablet,60,3150,9576.0,3.04,0.05,"Ranbaxy, Paonta Shahib, India",Yes,165,2559.28,15.32
11542,106-HT-T01,Pre-PQ Process,SO-2601,DN-788,Haiti,PMO - US,From RDC,N/A - From RDC,Air,Pre-PQ Process,N/A - From RDC,1-Jul-08,1-Jul-08,1-Jul-08,ARV,Pediatric,SCMS from RDC,"Efavirenz 200mg, capsule, 90 Caps",Efavirenz,Generic,200mg,Capsule,90,105,1680.0,16.0,0.18,"Aurobindo Unit III, India",Yes,14,1015.24,2.69
61416,161-ZA-T30,FPQ-5303,SCMS-68750,ASN-8387,South Africa,PMO - US,Direct Drop,DDP,Air,3/18/10,3/19/10,13-Oct-10,27-Oct-10,27-Oct-10,ARV,Adult,CIPLA LIMITED,"Tenofovir Disoproxil Fumarate 300mg, tablets, 30 Tabs",Tenofovir Disoproxil Fumarate,Generic,300mg,Tablet,30,64738,506251.16,7.82,0.26,"Cipla, Goa, India",Yes,4457,3646.13,1091.48
4025,104-CI-T01,Pre-PQ Process,SCMS-785,ASN-652,Côte d'Ivoire,PMO - US,Direct Drop,CIP,Air,Pre-PQ Process,7/11/07,27-Aug-07,27-Aug-07,27-Aug-07,ARV,Adult,BRISTOL-MYERS SQUIBB,"Stavudine 20mg [Zerit], capsules, 60 Caps",Stavudine,Zerit,20mg,Capsule,60,1161,6548.04,5.64,0.09,"BMS Meymac, France",Yes,Weight Captured Separately,Freight Included in Commodity Cost,10.48
14323,105-DO-T30,FPQ-7858,SCMS-117380,ASN-12145,Dominican Republic,PMO - US,Direct Drop,EXW,Air,6/21/11,8/3/11,27-Sep-11,27-Sep-11,27-Sep-11,HRDT,HIV test,"Standard Diagnostics, Inc.","HIV 1/2, Bioline 3.0 Kit, 100 Tests","HIV 1/2, Bioline 3.0 Kit",Bioline,,Test kit,100,112,8400.0,75.0,0.75,"Standard Diagnostics, Korea",No,See ASN-12145 (ID#:13696),See ASN-12145 (ID#:13696),13.86
19246,109-TZ-T30,FPQ-12050,SCMS-186920,ASN-20340,Tanzania,PMO - US,Direct Drop,EXW,Air,4/12/13,5/14/13,5-Sep-13,5-Sep-13,5-Sep-13,ARV,Adult,MYLAN LABORATORIES LTD (FORMERLY MATRIX LABORATORIES),"Atazanavir/Ritonavir 300/100mg, tablets, 30 Tabs",Atazanavir/Ritonavir,Generic,300/100mg,Tablet,30,5175,116437.5,22.5,0.75,Mylan (formerly Matrix) Nashik,Yes,775,4136.58,144.03
22869,116-ZA-T30,FPQ-14942,SCMS-259078,ASN-33473,South Africa,PMO - US,Direct Drop,DDP,Truck,9/11/14,10/9/14,24-Jul-15,24-Jul-15,24-Jul-15,ARV,Adult,PHARMACY DIRECT,"Etravirine 100mg [Intelence], tablets, 120 Tabs",Etravirine,Intelence,100mg,Tablet,120,27,742.84,27.51,0.23,"Janssen-Cilag, Latina, IT",No,Weight Captured Separately,Freight Included in Commodity Cost,0.76
9039,116-ZA-T01,Pre-PQ Process,SCMS-41190,ASN-3732,South Africa,PMO - US,Direct Drop,DDP,Air,Pre-PQ Process,Date Not Captured,30-Mar-09,21-Jan-09,21-Jan-09,ARV,Adult,S. BUYS WHOLESALER,"Lopinavir/Ritonavir 200/50mg [Aluvia], tablets, 120 Tabs",Lopinavir/Ritonavir,Aluvia,200/50mg,Tablet,120,200,6182.0,30.91,0.26,ABBVIE Ludwigshafen Germany,No,Weight Captured Separately,Freight Included in Commodity Cost,12.12
37924,109-TZ-T30,FPQ-13945,SCMS-235360,ASN-26124,Tanzania,PMO - US,Direct Drop,EXW,Air,3/27/14,5/6/14,15-Jul-14,15-Jul-14,12-Aug-14,HRDT,HIV test,"Trinity Biotech, Plc","HIV 1/2, Uni-Gold HIV Kit, 20 Tests","HIV 1/2, Uni-Gold HIV Kit",Uni-Gold,,Test kit,20,369,11808.0,32.0,1.6,"Trinity Biotech, Plc",Yes,113,1661.01,12.14
85900,104-CI-T30,FPQ-9749,SO-42380,DN-2861,Côte d'Ivoire,PMO - US,From RDC,N/A - From RDC,Truck,4/19/12,N/A - From RDC,29-Oct-12,1-Oct-12,1-Oct-12,ARV,Adult,SCMS from RDC,"Efavirenz 600mg, tablets, 30 Tabs",Efavirenz,Generic,600mg,Tablet,30,43772,166771.32,3.81,0.13,"Aurobindo Unit III, India",No,See DN-2861 (ID#:82513),See DN-2861 (ID#:82513),233.81
53981,116-ZA-T30,FPQ-11828,SCMS-183950,ASN-19166,South Africa,South Africa Field Office,Direct Drop,DDP,Truck,3/18/13,Date Not Captured,16-Apr-13,16-Apr-13,16-Apr-13,ARV,Pediatric,S. BUYS WHOLESALER,"Abacavir 20mg/ml [Ziagen], oral solution, Bottle, 240 ml",Abacavir,Ziagen,20mg/ml,Oral solution,240,220,7811.75,35.51,0.15,GSK Mississauga (Canada),No,Weight Captured Separately,Freight Included in Commodity Cost,9.66
84839,102-BI-T30,FPQ-12065,SO-45152,DN-3261,Burundi,PMO - US,From RDC,N/A - From RDC,Air,4/22/13,N/A - From RDC,16-Aug-13,22-Aug-13,22-Aug-13,ARV,Adult,SCMS from RDC,"Lamivudine/Nevirapine/Zidovudine 150/200/300mg, tablets, 60 Tabs",Lamivudine/Nevirapine/Zidovudine,Generic,150/300/200mg,Tablet - FDC,60,960,7958.4,8.29,0.14,"Strides, Bangalore, India.",Yes,111,1047.34,9.84
16277,117-ET-T30,FPQ-9096,SCMS-133330,ASN-14559,Ethiopia,PMO - US,Direct Drop,EXW,Air,1/5/12,1/23/12,25-Apr-12,25-Apr-12,25-Apr-12,HRDT,HIV test,"Trinity Biotech, Plc","HIV 1/2, Uni-Gold HIV Kit, 20 Tests","HIV 1/2, Uni-Gold HIV Kit",Uni-Gold,,Test kit,20,26,832.0,32.0,1.6,"Trinity Biotech, Plc",Yes,17,334.65,1.17
68481,104-CI-T30,FPQ-11294,SCMS-173131,ASN-19634,Côte d'Ivoire,PMO - US,Direct Drop,EXW,Air,12/14/12,1/15/13,4-Jun-13,4-Jun-13,4-Jun-13,HRDT,HIV test,"Orgenics, Ltd","HIV 1/2, Determine Complete HIV Kit, 100 Tests","HIV 1/2, Determine Complete HIV Kit",Determine,,Test kit,100,601,48080.0,80.0,0.8,"Alere Medical Co., Ltd.",Yes,264,36428.24,59.47
50613,108-VN-T30,FPQ-4265,SCMS-56300,ASN-6250,Vietnam,PMO - US,Direct Drop,EXW,Air,10/20/09,11/3/09,20-Mar-10,20-Mar-10,20-Mar-10,ARV,Adult,MYLAN LABORATORIES LTD (FORMERLY MATRIX LABORATORIES),"Tenofovir Disoproxil Fumarate 300mg, tablets, 30 Tabs",Tenofovir Disoproxil Fumarate,Generic,300mg,Tablet,30,1680,12600.0,7.5,0.25,Mylan (formerly Matrix) Nashik,No,See ASN-6250 (ID#:17228),See ASN-6250 (ID#:17228),24.7
86356,200-DO-T30,FPQ-6616,SO-38020,DN-2065,Dominican Republic,PMO - US,From RDC,N/A - From RDC,Air,10/25/10,N/A - From RDC,31-Jan-11,8-Dec-10,8-Dec-10,ARV,Adult,SCMS from RDC,"Lamivudine 150mg, tablets, 60 Tabs",Lamivudine,Generic,150mg,Tablet,60,439,1022.87,2.33,0.04,"Strides, Bangalore, India.",No,See DN-2065 (ID#:82360),See DN-2065 (ID#:82360),1.69
84656,114-UG-T30,FPQ-7652,SO-39490,DN-2256,Uganda,PMO - US,From RDC,N/A - From RDC,Truck,4/29/11,N/A - From RDC,1-Aug-11,28-Jun-11,28-Jun-11,ARV,Adult,SCMS from RDC,"Tenofovir Disoproxil Fumarate 300mg, tablets, 30 Tabs",Tenofovir Disoproxil Fumarate,Generic,300mg,Tablet,30,2011,13212.27,6.57,0.22,Mylan (formerly Matrix) Nashik,Yes,126,1661,21.8
3081,116-ZA-T01,Pre-PQ Process,SCMS-19800,ASN-1665,South Africa,PMO - US,Direct Drop,DDP,Truck,Pre-PQ Process,2/20/08,24-Apr-08,24-Apr-08,24-Apr-08,ARV,Adult,S. BUYS WHOLESALER,"Efavirenz 600mg, tablets, 30 Tabs",Efavirenz,Generic,600mg,Tablet,30,2500,37500.0,15.0,0.5,"Cipla, Goa, India",No,Weight Captured Separately,Freight Included in Commodity Cost,60.0
83108,101-CD-T30,FPQ-11096,SO-43750,DN-3017,"Congo, DRC",PMO - US,From RDC,N/A - From RDC,Air,11/20/12,N/A - From RDC,18-Mar-13,8-Aug-13,8-Aug-13,ARV,Pediatric,SCMS from RDC,"Nevirapine 10mg/ml, oral suspension w/syringe, Bottle, 240 ml",Nevirapine,Generic,10mg/ml,Oral suspension,240,738,1439.1,1.95,0.01,"Aurobindo Unit III, India",Yes,112,9687.69,1.78
54965,102-KE-T30,FPQ-6114,SCMS-80820,ASN-8590,Kenya,PMO - US,Direct Drop,EXW,Air,7/23/10,8/27/10,12-Nov-10,12-Nov-10,12-Nov-10,HRDT,HIV test,"Orgenics, Ltd","HIV 1/2, Determine Complete HIV Kit, 100 Tests","HIV 1/2, Determine Complete HIV Kit",Determine,,Test kit,100,1,89.0,89.0,0.89,Inverness Japan,Yes,1233,13753.58,0.19
11261,130-NG-T01,Pre-PQ Process,SO-2501,DN-730,Nigeria,PMO - US,From RDC,N/A - From RDC,Air,Pre-PQ Process,N/A - From RDC,26-May-08,26-May-08,26-May-08,ARV,Adult,SCMS from RDC,"Lamivudine/Stavudine 150/30mg, tablets, 30 Tabs",Lamivudine/Stavudine,Generic,150/30mg,Tablet - FDC,30,1566,3132.0,2.0,0.07,"Cipla, Goa, India",No,See DN-730 (ID#:11260),See DN-730 (ID#:11260),5.01
44204,101-ZA-T30,FPQ-12932,SCMS-206100,ASN-24547,South Africa,PMO - US,Direct Drop,DDP,Truck,9/7/13,9/19/13,17-Feb-14,17-Feb-14,17-Feb-14,ARV,Adult,PHARMACY DIRECT,"Lamivudine 150mg [Epivir], tablets, 60 Tabs",Lamivudine,Epivir,150mg,Tablet,60,2500,21941.29,8.78,0.15,GSK Cape Town Factory (South Africa),No,Weight Captured Separately,Freight Included in Commodity Cost,27.14
86420,111-MZ-T30,FPQ-7053,SO-38640,DN-2415,Mozambique,PMO - US,From RDC,N/A - From RDC,Truck,1/24/11,N/A - From RDC,15-Dec-11,14-Dec-11,14-Dec-11,ARV,Pediatric,SCMS from RDC,"Nevirapine 10mg/ml, oral suspension w/syringe, Bottle, 240 ml",Nevirapine,Generic,10mg/ml,Oral suspension,240,10070,19636.5,1.95,0.01,"Aurobindo Unit III, India",Yes,3787,2451.86,32.4
20878,108-VN-T30,FPQ-6384,SCMS-87700,ASN-9709,Vietnam,PMO - US,Direct Drop,FCA,Air,9/30/10,10/14/10,24-Feb-11,24-Feb-11,24-Feb-11,ARV,Adult,ABBVIE LOGISTICS (FORMERLY ABBOTT LOGISTICS BV),"Ritonavir 100mg [Norvir], capsules, cool, 4 x 84 Caps",Ritonavir,Norvir,100mg,Capsule,336,12,2478.12,206.51,0.61,ABBVIE (Abbott) Logis. UK,Yes,51,4042.47,5.34
83566,113-ZW-T30,FPQ-7934,SO-40280,DN-2520,Zimbabwe,PMO - US,From RDC,N/A - From RDC,Truck,6/28/11,N/A - From RDC,31-Jan-12,16-Feb-12,16-Feb-12,ARV,Adult,SCMS from RDC,"Lamivudine/Tenofovir Disoproxil Fumarate 300/300mg, tablets, 30 Tabs",Lamivudine/Tenofovir Disoproxil Fumarate,Generic,300/300mg,Tablet - FDC,30,17556,106740.48,6.08,0.2,Mylan (formerly Matrix) Nashik,Yes,1373,4777.08,176.12
979,108-VN-T01,Pre-PQ Process,SCMS-31721,ASN-3454,Vietnam,PMO - US,Direct Drop,EXW,Air,Pre-PQ Process,10/21/08,16-Mar-09,16-Mar-09,16-Mar-09,ARV,Adult,Aurobindo Pharma Limited,"Lamivudine/Zidovudine 150/300mg, tablets, 60 Tabs",Lamivudine/Zidovudine,Generic,150/300mg,Tablet - FDC,60,2352,20250.72,8.61,0.14,"Aurobindo Unit III, India",Yes,211,892.5,39.69
82384,200-ZW-T30,FPQ-6483,SO-39520,DN-2224,Zimbabwe,PMO - US,From RDC,N/A - From RDC,Truck,10/13/10,N/A - From RDC,31-May-11,30-Jun-11,30-Jun-11,ARV,Pediatric,SCMS from RDC,"Lamivudine/Nevirapine/Zidovudine 30/50/60mg, dispersible tablets, 60 Tabs",Lamivudine/Nevirapine/Zidovudine,Generic,30/50/60mg,Chewable/dispersible tablet - FDC,60,35000,148750.0,4.25,0.07,Mylan (formerly Matrix) Nashik,Yes,2032,4428.06,320.7
83528,114-UG-T30,FPQ-8048,SO-40230,DN-2328,Uganda,PMO - US,From RDC,N/A - From RDC,Truck,7/13/11,N/A - From RDC,22-Sep-11,24-Aug-11,24-Aug-11,ARV,Adult,SCMS from RDC,"Lamivudine/Tenofovir Disoproxil Fumarate 300/300mg, tablets, 30 Tabs",Lamivudine/Tenofovir Disoproxil Fumarate,Generic,300/300mg,Tablet - FDC,30,7441,61239.43,8.23,0.27,Mylan (formerly Matrix) Nashik,Yes,656,4376.56,101.05
12735,100-ZW-T01,Pre-PQ Process,SO-1150,DN-425,Zimbabwe,PMO - US,From RDC,N/A - From RDC,Air,Pre-PQ Process,N/A - From RDC,16-Nov-07,16-Nov-07,16-Nov-07,ARV,Adult,SCMS from RDC,"Lamivudine/Nevirapine/Stavudine 150/200/30mg, tablets, 60 Tabs",Lamivudine/Nevirapine/Stavudine,Generic,150/200/30mg,Tablet - FDC,60,22,162.8,7.4,0.12,"Cipla, Goa, India",No,See DN-425 (ID#:11810),See DN-425 (ID#:11810),0.26
82489,114-UG-T30,FPQ-9875,SO-42083,DN-2743,Uganda,PMO - US,From RDC,N/A - From RDC,Air,5/9/12,N/A - From RDC,17-Aug-12,1-Aug-12,1-Aug-12,ARV,Adult,SCMS from RDC,"Lamivudine/Tenofovir Disoproxil Fumarate 300/300mg, tablets, 30 Tabs",Lamivudine/Tenofovir Disoproxil Fumarate,Generic,300/300mg,Tablet - FDC,30,60000,332400.0,5.54,0.18,Mylan (formerly Matrix) Nashik,Yes,4547,30482.8,466.02
12684,109-TZ-T01,Pre-PQ Process,SO-455,DN-290,Tanzania,PMO - US,From RDC,N/A - From RDC,,Pre-PQ Process,N/A - From RDC,10-Sep-07,10-Sep-07,10-Sep-07,ARV,Pediatric,SCMS from RDC,"Lopinavir/Ritonavir 80/20mg/ml [Kaletra], oral solution, cool, Bottle 5 x 60 ml",Lopinavir/Ritonavir,Kaletra,80/20mg/ml,Oral solution,300,147,6041.7,41.1,0.14,ABBVIE (Abbott) Logis. UK,No,See DN-290 (ID#:10859),See DN-290 (ID#:10859),9.67
37177,161-ZA-T30,FPQ-7175,SCMS-103460,ASN-10839,South Africa,PMO - US,Direct Drop,DDP,Ocean,3/10/11,3/24/11,2-Sep-11,2-Sep-11,2-Sep-11,ARV,Adult,Aurobindo Pharma Limited,"Zidovudine 300mg, tablets, 60 Tabs",Zidovudine,Generic,300mg,Tablet,60,66793,487588.9,7.3,0.12,"Aurobindo Unit III, India",Yes,3458,3787.72,804.52
36603,108-VN-T30,FPQ-13524,SCMS-226240,ASN-25803,Vietnam,PMO - US,Direct Drop,EXW,Air,2/6/14,3/10/14,7-Jun-14,7-Jun-14,7-Jun-14,ARV,Adult,Aurobindo Pharma Limited,"Nevirapine 200mg, tablets, 60 Tabs",Nevirapine,Generic,200mg,Tablet,60,7400,16650.0,2.25,0.04,"Aurobindo Unit III, India",Yes,730,1338.19,17.12
10589,111-MZ-T01,Pre-PQ Process,SO-298,DN-304,Mozambique,PMO - US,From RDC,N/A - From RDC,Air,Pre-PQ Process,N/A - From RDC,21-Sep-07,21-Sep-07,21-Sep-07,ARV,Pediatric,SCMS from RDC,"Abacavir 20mg/ml, oral solution, Bottle, 240 ml",Abacavir,Generic,20mg/ml,Oral solution,240,338,7114.9,21.05,0.09,"Aurobindo Unit III, India",Yes,9006,9869.55,11.38
41841,116-ZA-T30,FPQ-13035,SCMS-215370,ASN-24415,South Africa,PMO - US,Direct Drop,DDP,Truck,10/8/13,12/2/13,6-Feb-14,6-Feb-14,6-Feb-14,ARV,Adult,S. BUYS WHOLESALER,"Abacavir 300mg, tablets, 60 Tabs",Abacavir,Generic,300mg,Tablet,60,53,3422.75,64.58,1.08,"Cipla, Patalganga, India",No,Weight Captured Separately,Freight Included in Commodity Cost,4.23
10643,110-ZM-T01,Pre-PQ Process,SO-1309,DN-484,Zambia,PMO - US,From RDC,N/A - From RDC,,Pre-PQ Process,N/A - From RDC,7-Dec-07,7-Dec-07,7-Dec-07,ARV,Adult,SCMS from RDC,"Lamivudine/Nevirapine/Stavudine 150/200/30mg, tablets, 60 Tabs",Lamivudine/Nevirapine/Stavudine,Generic,150/200/30mg,Tablet - FDC,60,14052,103984.8,7.4,0.12,"Cipla, Goa, India",Yes,1420,5780.2,166.38
54180,108-VN-T30,FPQ-4081,SCMS-51480,ASN-4802,Vietnam,PMO - US,Direct Drop,FCA,Air,8/10/09,8/12/09,1-Oct-09,1-Oct-09,1-Oct-09,ARV,Adult,ABBVIE LOGISTICS (FORMERLY ABBOTT LOGISTICS BV),"Lopinavir/Ritonavir 200/50mg [Aluvia], tablets, 120 Tabs",Lopinavir/Ritonavir,Aluvia,200/50mg,Tablet,120,1400,115080.0,82.2,0.68,ABBVIE Ludwigshafen Germany,Yes,209,954.38,225.56
82427,104-CI-T30,FPQ-8363,SO-40831,DN-2469,Côte d'Ivoire,PMO - US,From RDC,N/A - From RDC,Air Charter,8/29/11,N/A - From RDC,27-Apr-12,8-Feb-12,8-Feb-12,ARV,Adult,SCMS from RDC,"Lamivudine/Zidovudine 150/300mg, tablets, 60 Tabs",Lamivudine/Zidovudine,Generic,150/300mg,Tablet - FDC,60,14081,116309.06,8.26,0.14,"Aurobindo Unit III, India",Yes,6410,24940.97,191.91
63807,104-CI-T30,FPQ-12714,SCMS-205010,ASN-23353,Côte d'Ivoire,PMO - US,Direct Drop,EXW,Air,7/30/13,9/2/13,3-Jan-14,3-Jan-14,6-Jan-14,ARV,Pediatric,Aurobindo Pharma Limited,"Nevirapine 50mg, dispersible tablets (tablets for oral suspension), 30 Tabs",Nevirapine,Generic,50mg,Chewable/dispersible tablet,30,6500,8125.0,1.25,0.04,"Aurobindo Unit III, India",Yes,406,4837.38,10.05
82515,114-UG-T30,FPQ-10503,SO-43090,DN-2873,Uganda,PMO - US,From RDC,N/A - From RDC,Air,8/15/12,N/A - From RDC,25-Oct-12,22-Oct-12,22-Oct-12,ARV,Adult,SCMS from RDC,"Lamivudine 150mg, tablets, 60 Tabs",Lamivudine,Generic,150mg,Tablet,60,1659,3682.98,2.22,0.04,Hetero Unit III Hyderabad IN,Yes,958,7659.33,5.16
6670,111-MZ-T01,Pre-PQ Process,SCMS-608,ASN-688,Mozambique,PMO - US,Direct Drop,CIP,Air,Pre-PQ Process,5/7/07,6-Sep-07,6-Sep-07,6-Sep-07,ARV,Adult,INTERNATIONAL HEALTHCARE DISTRIBUTORS,"Didanosine EC 250mg [Videx EC], delayed-release capsules, Blister 3 x 10 Caps",Didanosine EC,Videx EC,250mg,Delayed-release capsules - blister,30,44,859.65,19.54,0.65,"BMS Meymac, France",Yes,Weight Captured Separately,Freight Included in Commodity Cost,1.38
34459,108-VN-T30,FPQ-9576,SCMS-149030,ASN-16137,Vietnam,PMO - US,Direct Drop,EXW,Air,4/11/12,6/8/12,28-Sep-12,28-Sep-12,28-Sep-12,ARV,Adult,HETERO LABS LIMITED,"Lamivudine/Zidovudine 150/300mg, tablets, 60 Tabs",Lamivudine/Zidovudine,Generic,150/300mg,Tablet - FDC,60,7760,59364.0,7.65,0.13,Hetero Unit III Hyderabad IN,Yes,675,1587.92,83.23
82748,101-CD-T30,FPQ-14576,SO-49290,DN-3975,"Congo, DRC",PMO - US,From RDC,N/A - From RDC,Air,7/14/14,N/A - From RDC,30-Jan-15,18-Feb-15,23-Feb-15,ARV,Adult,SCMS from RDC,"Lopinavir/Ritonavir 200/50mg, tablets, 120 Tabs",Lopinavir/Ritonavir,Generic,200/50mg,Tablet,120,1156,22726.96,19.66,0.16,Mylan (formerly Matrix) Nashik,Yes,2187,24532.28,23.36
38243,116-ZA-T30,FPQ-13973,SCMS-238555,ASN-29257,South Africa,PMO - US,Direct Drop,DDP,Truck,4/30/14,11/4/14,5-Nov-14,5-Nov-14,5-Nov-14,ARV,Adult,PHARMACY DIRECT,"Didanosine 400mg, delayed-release capsules, 30 Caps",Didanosine,Generic,400mg,Delayed-release capsules,30,7,137.73,19.68,0.66,"Aurobindo Unit III, India",No,Weight Captured Separately,Freight Included in Commodity Cost,0.14
10794,110-ZM-T01,Pre-PQ Process,SO-33020,DN-1416,Zambia,PMO - US,From RDC,N/A - From RDC,Truck,Date Not Captured,N/A - From RDC,22-Sep-09,22-Sep-09,22-Sep-09,ARV,Adult,SCMS from RDC,"Nevirapine 200mg, tablets, 60 Tabs",Nevirapine,Generic,200mg,Tablet,60,98000,294000.0,3.0,0.05,"Aurobindo Unit III, India",Yes,9522,13518.56,576.24
86408,114-UG-T30,FPQ-7267,SO-39070,DN-2333,Uganda,PMO - US,From RDC,N/A - From RDC,Truck,3/4/11,N/A - From RDC,20-Sep-11,6-Sep-11,6-Sep-11,ARV,Adult,SCMS from RDC,"Efavirenz/Emtricitabine/Tenofovir Disoproxil Fumarate 600/200/300mg, tablets, 30 Tabs",Efavirenz/Emtricitabine/Tenofovir Disoproxil Fumarate,Generic,600/200/300mg,Tablet - FDC,30,3360,66931.2,19.92,0.66,Mylan (formerly Matrix) Nashik,Yes,617,2886.92,110.44
11967,151-NG-T01,Pre-PQ Process,SO-22522,DN-1198,Nigeria,PMO - US,From RDC,N/A - From RDC,Air,Pre-PQ Process,N/A - From RDC,30-Apr-09,30-Apr-09,30-Apr-09,ARV,Adult,SCMS from RDC,"Emtricitabine/Tenofovir Disoproxil Fumarate 200/300mg [Truvada], tablets, 30 Tabs",Emtricitabine/Tenofovir Disoproxil Fumarate,Truvada,300/200mg,Tablet - FDC,30,2067,54258.75,26.25,0.88,"Aspen-OSD, Port Elizabeth, SA",Yes,235,2922.53,106.35
53775,110-ZM-T30,FPQ-8315,SCMS-120570,ASN-13031,Zambia,PMO - US,Direct Drop,EXW,Air,8/31/11,9/22/11,20-Dec-11,20-Dec-11,20-Dec-11,HRDT,HIV test,"Orgenics, Ltd","HIV 1/2, Determine Complete HIV Kit, 100 Tests","HIV 1/2, Determine Complete HIV Kit",Determine,,Test kit,100,2884,230720.0,80.0,0.8,"Alere Medical Co., Ltd.",Yes,1374,25052.44,380.69
85761,114-UG-T30,FPQ-7166,SO-39660,DN-2222,Uganda,PMO - US,From RDC,N/A - From RDC,Air,2/11/11,N/A - From RDC,15-Jun-11,31-May-11,31-May-11,ARV,Pediatric,SCMS from RDC,"Nevirapine 10mg/ml, oral suspension w/syringe, Bottle, 240 ml",Nevirapine,Generic,10mg/ml,Oral suspension,240,20000,39000.0,1.95,0.01,"Aurobindo Unit III, India",Yes,7464,4605.44,64.35
8258,116-ZA-T01,Pre-PQ Process,SCMS-16600,ASN-1520,South Africa,PMO - US,Direct Drop,DDP,,Pre-PQ Process,1/4/08,21-Jan-08,4-Jan-08,4-Jan-08,ARV,Adult,"JSI R&T INSTITUTE, INC.","Lopinavir/Ritonavir 133.3/33.3mg [Kaletra], capsules, cool, 2 x 90 Caps",Lopinavir/Ritonavir,Kaletra,133.3/33.3mg,Capsule,180,400,18460.0,46.15,0.26,ABBVIE (Abbott) Logis. UK,No,Weight Captured Separately,Freight Included in Commodity Cost,29.54
12369,104-CI-T01,Pre-PQ Process,SO-617,DN-163,Côte d'Ivoire,PMO - US,From RDC,N/A - From RDC,Air,Pre-PQ Process,N/A - From RDC,15-Jun-07,15-Jun-07,15-Jun-07,ARV,Adult,SCMS from RDC,"Zidovudine 300mg, tablets, 60 Tabs",Zidovudine,Generic,300mg,Tablet,60,4374,37266.48,8.52,0.14,"Aurobindo Unit III, India",Yes,230,1432,
11228,104-CI-T01,Pre-PQ Process,SO-1111,DN-565,Côte d'Ivoire,PMO - US,From RDC,N/A - From RDC,Air,Pre-PQ Process,N/A - From RDC,29-Jan-08,29-Jan-08,29-Jan-08,ARV,Adult,SCMS from RDC,"Lopinavir/Ritonavir 200/50mg [Aluvia], tablets, 120 Tabs",Lopinavir/Ritonavir,Aluvia,200/50mg,Tablet,120,12107,497597.7,41.1,0.34,ABBVIE Ludwigshafen Germany,Yes,2647,9307,796.16
86588,151-NG-T30,FPQ-11771,SO-44758,DN-3252,Nigeria,PMO - US,From RDC,N/A - From RDC,Air Charter,2/28/13,N/A - From RDC,21-Aug-13,30-Jul-13,30-Jul-13,ARV,Pediatric,SCMS from RDC,"Lamivudine/Nevirapine/Zidovudine 30/50/60mg, dispersible tablets, 60 Tabs",Lamivudine/Nevirapine/Zidovudine,Generic,30/50/60mg,Chewable/dispersible tablet - FDC,60,38705,160625.75,4.15,0.07,Mylan (formerly Matrix) Nashik,Yes,2352,Freight Included in Commodity Cost,198.69
85193,100-GH-T30,FPQ-7799,SO-39950,DN-2274,Ghana,PMO - US,From RDC,N/A - From RDC,Air,6/6/11,N/A - From RDC,4-Jul-11,20-Jul-11,20-Jul-11,ARV,Adult,SCMS from RDC,"Tenofovir Disoproxil Fumarate 300mg, tablets, 30 Tabs",Tenofovir Disoproxil Fumarate,Generic,300mg,Tablet,30,10914,70067.88,6.42,0.21,Mylan (formerly Matrix) Nashik,Yes,611,226.25,115.61
83384,123-NG-T30,FPQ-4014,SO-32972,DN-1561,Nigeria,PMO - US,From RDC,N/A - From RDC,Air Charter,7/27/09,N/A - From RDC,18-Dec-09,18-Dec-09,18-Dec-09,ARV,Adult,SCMS from RDC,"Lamivudine/Zidovudine 150/300mg, tablets, 60 Tabs",Lamivudine/Zidovudine,Generic,150/300mg,Tablet - FDC,60,35300,309228.0,8.76,0.15,"Aurobindo Unit III, India",Yes,3190,11637.64,606.09
12842,114-UG-T01,Pre-PQ Process,SO-17751,DN-1077,Uganda,PMO - US,From RDC,N/A - From RDC,Air,Pre-PQ Process,N/A - From RDC,19-Feb-09,19-Feb-09,19-Feb-09,ARV,Adult,SCMS from RDC,"Lamivudine/Nevirapine/Zidovudine 150/200/300mg, tablets, 60 Tabs",Lamivudine/Nevirapine/Zidovudine,Generic,150/300/200mg,Tablet - FDC,60,14600,172280.0,11.8,0.2,"Aurobindo Unit III, India",Yes,1657,9995.55,337.67
85825,104-CI-T30,FPQ-8295,SO-40792,DN-2531,Côte d'Ivoire,PMO - US,From RDC,N/A - From RDC,Truck,8/25/11,N/A - From RDC,29-Feb-12,8-Feb-12,8-Feb-12,ARV,Pediatric,SCMS from RDC,"Didanosine 200mg, delayed-release capsules, 30 Caps",Didanosine,Generic,200mg,Delayed-release capsules,30,650,7150.0,11.0,0.37,"Aurobindo Unit III, India",Yes,61,1572.97,11.8
12547,114-UG-T01,Pre-PQ Process,SO-17754,DN-1125,Uganda,PMO - US,From RDC,N/A - From RDC,Air,Pre-PQ Process,N/A - From RDC,8-Apr-09,8-Apr-09,8-Apr-09,ARV,Adult,SCMS from RDC,"Emtricitabine/Tenofovir Disoproxil Fumarate 200/300mg [Truvada], tablets, 30 Tabs",Emtricitabine/Tenofovir Disoproxil Fumarate,Truvada,300/200mg,Tablet - FDC,30,328,8610.0,26.25,0.88,"Aspen-OSD, Port Elizabeth, SA",No,See DN-1125 (ID#:11298),See DN-1125 (ID#:11298),16.88
52081,161-ZA-T30,FPQ-6262,SCMS-83830,ASN-9942,South Africa,PMO - US,Direct Drop,DDP,Ocean,8/31/10,9/24/10,3-May-11,3-May-11,3-May-11,ARV,Adult,Aurobindo Pharma Limited,"Lamivudine/Zidovudine 150/300mg, tablets, 60 Tabs",Lamivudine/Zidovudine,Generic,150/300mg,Tablet - FDC,60,25000,209000.0,8.36,0.14,"Aurobindo Unit III, India",Yes,2275,3073.74,450.6
85316,110-ZM-T30,FPQ-9552,SO-41841,DN-2929,Zambia,PMO - US,From RDC,N/A - From RDC,Truck,3/29/12,N/A - From RDC,17-Dec-12,17-Dec-12,17-Dec-12,ARV,Adult,SCMS from RDC,"Lamivudine 150mg, tablets, 60 Tabs",Lamivudine,Generic,150mg,Tablet,60,876,1892.16,2.16,0.04,Hetero Unit III Hyderabad IN,Yes,44,3951.02,2.65
54501,109-TZ-T30,FPQ-13675,SCMS-225870,ASN-25988,Tanzania,PMO - US,Direct Drop,EXW,Air,2/3/14,3/5/14,15-Jul-14,15-Jul-14,12-Aug-14,HRDT,HIV test,"Orgenics, Ltd","HIV 1/2, Determine Complete HIV Kit, 100 Tests","HIV 1/2, Determine Complete HIV Kit",Determine,,Test kit,100,350,28000.0,80.0,0.8,"Alere Medical Co., Ltd.",Yes,144,2631.39,28.78
12278,151-NG-T01,Pre-PQ Process,SO-30021,DN-1217,Nigeria,PMO - US,From RDC,N/A - From RDC,Air Charter,Pre-PQ Process,N/A - From RDC,8-May-09,8-May-09,8-May-09,ARV,Adult,SCMS from RDC,"Emtricitabine/Tenofovir Disoproxil Fumarate 200/300mg [Truvada], tablets, 30 Tabs",Emtricitabine/Tenofovir Disoproxil Fumarate,Truvada,300/200mg,Tablet - FDC,30,27439,720273.75,26.25,0.88,"Aspen-OSD, Port Elizabeth, SA",Yes,2561,15128.47,1411.74
68662,901-CM-T30,FPQ-12837,SCMS-204300,ASN-21703,Cameroon,PMO - US,Direct Drop,EXW,Air,8/19/13,8/23/13,18-Oct-13,11-Oct-13,14-Oct-13,ARV,Adult,Aurobindo Pharma Limited,"Lamivudine/Nevirapine/Zidovudine 150/200/300mg, tablets, 60 Tabs",Lamivudine/Nevirapine/Zidovudine,Generic,150/300/200mg,Tablet - FDC,60,34910,283818.3,8.13,0.14,"Aurobindo Unit III, India",Yes,4426,37479.21,351.08
11298,114-UG-T01,Pre-PQ Process,SO-17754,DN-1125,Uganda,PMO - US,From RDC,N/A - From RDC,Air,Pre-PQ Process,N/A - From RDC,8-Apr-09,8-Apr-09,8-Apr-09,ARV,Adult,SCMS from RDC,"Emtricitabine/Tenofovir Disoproxil Fumarate 200/300mg [Truvada], tablets, 30 Tabs",Emtricitabine/Tenofovir Disoproxil Fumarate,Truvada,300/200mg,Tablet - FDC,30,3014,79117.5,26.25,0.88,"Aspen-OSD, Port Elizabeth, SA",Yes,291,1755,155.07
86662,113-ZW-T30,FPQ-12950,SO-46620,DN-3588,Zimbabwe,PMO - US,From RDC,N/A - From RDC,Truck,9/10/13,N/A - From RDC,6-May-14,21-Mar-14,17-Apr-14,ARV,Adult,SCMS from RDC,"Efavirenz/Lamivudine/Tenofovir Disoproxil Fumarate 600/300/300mg, tablets, 30 Tabs",Efavirenz/Lamivudine/Tenofovir Disoproxil Fumarate,Generic,600/300/300mg,Tablet - FDC,30,143023,1594706.45,11.15,0.37,Mylan (formerly Matrix) Nashik,No,See DN-3588 (ID#:83225),See DN-3588 (ID#:83225),1972.65
21230,109-TZ-T30,FPQ-12286,SCMS-193860,ASN-21926,Tanzania,PMO - US,Direct Drop,EXW,Air,5/16/13,6/11/13,21-Nov-13,21-Nov-13,21-Nov-13,ARV,Adult,HETERO LABS LIMITED,"Efavirenz/Lamivudine/Tenofovir Disoproxil Fumarate 600/300/300mg, tablets, 30 Tabs",Efavirenz/Lamivudine/Tenofovir Disoproxil Fumarate,Generic,600/300/300mg,Tablet - FDC,30,200000,2100000.0,10.5,0.35,Hetero Unit III Hyderabad IN,Yes,28168,127285.48,2597.7
55401,109-TZ-T30,FPQ-12588,SCMS-202310,ASN-22266,Tanzania,PMO - US,Direct Drop,FCA,Air,7/15/13,8/9/13,21-Nov-13,21-Nov-13,21-Nov-13,ARV,Pediatric,ABBVIE LOGISTICS (FORMERLY ABBOTT LOGISTICS BV),"Lopinavir/Ritonavir 80/20mg/ml [Kaletra], oral solution, cool, Bottle 5 x 60 ml",Lopinavir/Ritonavir,Kaletra,80/20mg/ml,Oral solution,300,264,8136.48,30.82,0.1,ABBVIE (Abbott) Logis. UK,Yes,257,2160.36,10.06
62433,111-MZ-T30,FPQ-3999,SCMS-50170,ASN-4672,Mozambique,PMO - US,Direct Drop,EXW,Air,7/15/09,7/25/09,8-Sep-09,8-Sep-09,8-Sep-09,HRDT,HIV test,"Trinity Biotech, Plc","HIV 1/2, Uni-Gold HIV Kit, 20 Tests","HIV 1/2, Uni-Gold HIV Kit",Uni-Gold,,Test kit,20,4200,134400.0,32.0,1.6,"Trinity Biotech, Plc",Yes,1650,23167.84,263.42
80925,116-ZA-T30,FPQ-14942,SCMS-259079,ASN-33851,South Africa,PMO - US,Direct Drop,DDP,Truck,9/11/14,10/9/14,24-Aug-15,24-Aug-15,24-Aug-15,ARV,Pediatric,PHARMACY DIRECT,"Abacavir 20mg/ml, oral solution, Bottle, 240 ml",Abacavir,Generic,20mg/ml,Oral solution,240,21,398.98,19.0,0.08,"Aurobindo Unit III, India",No,Weight Captured Separately,Freight Included in Commodity Cost,0.41
84645,200-ZW-T30,FPQ-6483,SO-37880,DN-2203,Zimbabwe,PMO - US,From RDC,N/A - From RDC,Truck,10/13/10,N/A - From RDC,31-May-11,13-Jun-11,13-Jun-11,ARV,Pediatric,SCMS from RDC,"Efavirenz 50mg, capsule, 30 Caps",Efavirenz,Generic,50mg,Capsule,30,4250,9520.0,2.24,0.07,"Aurobindo Unit III, India",No,See DN-2203 (ID#:82949),See DN-2203 (ID#:82949),20.53
84066,104-CI-T30,FPQ-6495,SO-37700,DN-2137,Côte d'Ivoire,PMO - US,From RDC,N/A - From RDC,Air,10/4/10,N/A - From RDC,31-Mar-11,29-Mar-11,29-Mar-11,ARV,Adult,SCMS from RDC,"Lamivudine/Zidovudine 150/300mg, tablets, 60 Tabs",Lamivudine/Zidovudine,Generic,150/300mg,Tablet - FDC,60,40752,348429.6,8.55,0.14,Hetero Unit III Hyderabad IN,No,See DN-2137 (ID#:83490),See DN-2137 (ID#:83490),751.21
85267,102-CD-T30,FPQ-9640,SO-41850,DN-2697,"Congo, DRC",PMO - US,From RDC,N/A - From RDC,Air,4/2/12,N/A - From RDC,11-Sep-12,11-Sep-12,11-Sep-12,ARV,Adult,SCMS from RDC,"Nevirapine 200mg, tablets, 60 Tabs",Nevirapine,Generic,200mg,Tablet,60,1200,2928.0,2.44,0.04,"Strides, Bangalore, India.",No,See DN-2697 (ID#:83045),See DN-2697 (ID#:83045),4.11
86675,104-CI-T30,FPQ-12800,SO-46431,DN-3638,Côte d'Ivoire,PMO - US,From RDC,N/A - From RDC,Truck,8/9/13,N/A - From RDC,30-Apr-14,25-Apr-14,11-Jun-14,ARV,Pediatric,SCMS from RDC,"Nevirapine 10mg/ml, oral suspension w/syringe, Bottle, 100 ml",Nevirapine,Generic,10mg/ml,Oral suspension,100,4000,5200.0,1.3,0.01,"Aurobindo Unit III, India",Yes,750,3138.81,6.43
47035,103-AO-T30,FPQ-11252,SCMS-171790,ASN-17969,Angola,PMO - US,Direct Drop,EXW,Air,12/12/12,1/11/13,12-Mar-13,12-Mar-13,12-Mar-13,ARV,Pediatric,Aurobindo Pharma Limited,"Efavirenz 50mg, capsule, 30 Caps",Efavirenz,Generic,50mg,Capsule,30,360,806.4,2.24,0.07,"Aurobindo Unit III, India",Yes,21,840.17,1.0
10972,117-ET-T01,Pre-PQ Process,SO-1518,DN-634,Ethiopia,PMO - US,From RDC,N/A - From RDC,Air,Pre-PQ Process,N/A - From RDC,21-Mar-08,21-Mar-08,21-Mar-08,ARV,Adult,SCMS from RDC,"Lamivudine/Zidovudine 150/300mg, tablets, 60 Tabs",Lamivudine/Zidovudine,Generic,150/300mg,Tablet - FDC,60,65524,622478.0,9.5,0.16,"Aurobindo Unit III, India",Yes,14599,32146.52,995.96
82567,900-SS-T30,FPQ-11272,SO-44101,DN-3100,South Sudan,PMO - US,From RDC,N/A - From RDC,Air,12/17/12,N/A - From RDC,30-Apr-13,26-Apr-13,26-Apr-13,ARV,Adult,SCMS from RDC,"Zidovudine 300mg, tablets, 60 Tabs",Zidovudine,Generic,300mg,Tablet,60,4560,30825.6,6.76,0.11,"Aurobindo Unit III, India",Yes,230,1740.47,38.13
64051,107-RW-T30,FPQ-5792,SCMS-75800,ASN-8529,Rwanda,PMO - US,Direct Drop,EXW,Air,6/7/10,7/21/10,17-Nov-10,17-Nov-10,17-Nov-10,HRDT,HIV test,"Orgenics, Ltd","HIV 1/2, Determine HIV Kit, without Lancets, 100 Tests","HIV 1/2, Determine HIV Kit, without Lancets",Determine,,Test kit,100,5000,388500.0,77.7,0.78,Inverness Japan,Yes,1134,50550.58,837.61
12125,105-GY-T01,Pre-PQ Process,SO-1233,DN-416,Guyana,PMO - US,From RDC,N/A - From RDC,Air,Pre-PQ Process,N/A - From RDC,7-Nov-07,7-Nov-07,7-Nov-07,ARV,Adult,SCMS from RDC,"Lamivudine/Zidovudine 150/300mg, tablets, 60 Tabs",Lamivudine/Zidovudine,Generic,150/300mg,Tablet - FDC,60,1848,17556.0,9.5,0.16,"Aurobindo Unit III, India",Yes,402,4807,28.09
2298,108-VN-T01,Pre-PQ Process,SCMS-37170,ASN-3562,Vietnam,PMO - US,Direct Drop,EXW,Air,Pre-PQ Process,1/16/09,10-Apr-09,10-Apr-09,10-Apr-09,ARV,Adult,Aurobindo Pharma Limited,"Lamivudine/Nevirapine/Zidovudine 150/200/300mg, tablets, 60 Tabs",Lamivudine/Nevirapine/Zidovudine,Generic,150/300/200mg,Tablet - FDC,60,700,7805.0,11.15,0.19,"Aurobindo Unit III, India",No,See ASN-3562 (ID#:960),See ASN-3562 (ID#:960),15.3
85748,104-CI-T30,FPQ-6495,SO-38770,DN-2147,Côte d'Ivoire,PMO - US,From RDC,N/A - From RDC,Air,10/4/10,N/A - From RDC,31-Mar-11,29-Apr-11,29-Apr-11,ARV,Pediatric,SCMS from RDC,"Zidovudine 10mg/ml, oral solution w/syringe, Bottle, 240 ml",Zidovudine,Generic,10mg/ml,Oral solution,240,5000,10500.0,2.1,0.01,"Aurobindo Unit III, India",Yes,1841,9447.08,22.64
6599,106-HT-T01,Pre-PQ Process,SCMS-76,ASN-76,Haiti,PMO - US,Direct Drop,CIP,Air,Pre-PQ Process,Date Not Captured,15-Sep-06,15-Sep-06,15-Sep-06,HRDT,HIV test,PLURIPHARM S.A.,"HIV 1/2, Capillus HIV Kit, 100 Tests","HIV 1/2, Capillus HIV Kit",Capillus,,Test kit,100,12,3240.0,270.0,2.7,Not Applicable,Yes,Weight Captured Separately,Freight Included in Commodity Cost,
2147,117-ET-T01,Pre-PQ Process,SCMS-32640,ASN-2935,Ethiopia,PMO - US,Direct Drop,EXW,Air,Pre-PQ Process,10/27/08,3-Dec-08,3-Dec-08,3-Dec-08,HRDT,HIV test,"SHANGHAI KEHUA BIOENGINEERING CO.,LTD.  (KHB)","HIV 1/2, SKB Colloidal Gold, Diagnostic Kit, Antibody, 50 Tests","HIV 1/2, Colloidal Gold, Diagnostic Kit, Antibody",Colloidal Gold,,Test kit,1,3510,80730.0,23.0,23.0,"KHB Test Kit Facility, Shanghai China",Yes,2535,22433.91,158.23
12342,111-MZ-T01,Pre-PQ Process,SO-293,DN-44,Mozambique,PMO - US,From RDC,N/A - From RDC,Air,Pre-PQ Process,N/A - From RDC,17-Apr-07,17-Apr-07,17-Apr-07,ARV,Pediatric,SCMS from RDC,"Lamivudine 10mg/ml, oral solution, Bottle, 240 ml",Lamivudine,Generic,10mg/ml,Oral solution,240,540,1317.6,2.44,0.01,"Cipla, Goa, India",No,See DN-44 (ID#:10549),See DN-44 (ID#:10549),
2927,107-RW-T01,Pre-PQ Process,SCMS-14140,ASN-1028,Rwanda,PMO - US,Direct Drop,EXW,Air,Pre-PQ Process,11/16/07,10-Jan-08,10-Jan-08,10-Jan-08,HRDT,HIV test,"Trinity Biotech, Plc","HIV 1/2, Uni-Gold HIV Kit, 20 Tests","HIV 1/2, Uni-Gold HIV Kit",Uni-Gold,,Test kit,20,4500,144000.0,32.0,1.6,"Trinity Biotech, Plc",Yes,2300,38425.29,230.4
12663,109-TZ-T01,Pre-PQ Process,SO-758,DN-234,Tanzania,PMO - US,From RDC,N/A - From RDC,Air,Pre-PQ Process,N/A - From RDC,13-Jul-07,13-Jul-07,13-Jul-07,HRDT,HIV test,SCMS from RDC,"HIV 1/2, Capillus HIV Kit, 100 Tests","HIV 1/2, Capillus HIV Kit",Capillus,,Test kit,100,2000,278000.0,139.0,1.39,"Trinity Biotech, Plc",Yes,1415,4458,444.8
83469,104-CI-T30,FPQ-5925,SO-37740,DN-2064,Côte d'Ivoire,PMO - US,From RDC,N/A - From RDC,Air,6/23/10,N/A - From RDC,30-Nov-10,9-Dec-10,9-Dec-10,ARV,Adult,SCMS from RDC,"Lamivudine 150mg, tablets, 60 Tabs",Lamivudine,Generic,150mg,Tablet,60,8100,18873.0,2.33,0.04,Hetero Unit III Hyderabad IN,Yes,3093,11235.05,40.69
9056,116-ZA-T01,Pre-PQ Process,SCMS-41587,ASN-4602,South Africa,PMO - US,Direct Drop,DDP,Air,Pre-PQ Process,3/27/09,25-Jun-09,16-Apr-09,16-Apr-09,ARV,Pediatric,S. BUYS WHOLESALER,"Didanosine 100mg [Videx],chewable tablets, 60 Tabs",Didanosine,Videx,100mg,Chewable/dispersible tablet,60,6840,73256.4,10.71,0.18,"BMS Meymac, France",No,Weight Captured Separately,Freight Included in Commodity Cost,143.58
4321,102-BW-T01,Pre-PQ Process,SCMS-18730,ASN-1609,Botswana,PMO - US,Direct Drop,EXW,Air,Pre-PQ Process,3/11/08,23-Jun-08,23-Jun-08,23-Jun-08,HRDT,HIV test - Ancillary,"Orgenics, Ltd","HIV, Lancet, Safety, for HIV Test kits, 100 Pcs","HIV, Lancet, Safety, for HIV Test kits, 100 Pcs",Generic,,Test kit - Ancillary,100,200,2.0,0.01,0.0,Inverness Japan,Yes,Weight Captured Separately,Invoiced Separately,0.0
84043,105-GY-T30,FPQ-6306,SO-37390,DN-2016,Guyana,PMO - US,From RDC,N/A - From RDC,Air,8/27/10,N/A - From RDC,23-Nov-10,19-Sep-10,19-Sep-10,ARV,Adult,SCMS from RDC,"Zidovudine 300mg, tablets, 60 Tabs",Zidovudine,Generic,300mg,Tablet,60,1002,7224.42,7.21,0.12,"Aurobindo Unit III, India",No,See DN-2016 (ID#:82351),See DN-2016 (ID#:82351),15.58
84433,114-UG-T30,FPQ-14396,SO-48993,DN-4041,Uganda,PMO - US,From RDC,N/A - From RDC,Truck,6/4/14,N/A - From RDC,16-Feb-15,24-Jan-15,3-Feb-15,ARV,Pediatric,SCMS from RDC,"Abacavir/Lamivudine 60/30mg, tablets, 60 Tabs",Abacavir/Lamivudine,Generic,60/30mg,Tablet - FDC,60,2368,9685.12,4.09,0.07,"Aurobindo Unit III, India",No,See DN-4041 (ID#:83291),See DN-4041 (ID#:83291),9.96
5047,116-ZA-T01,Pre-PQ Process,SCMS-41140,ASN-3752,South Africa,PMO - US,Direct Drop,DDP,Air,Pre-PQ Process,Date Not Captured,31-Mar-09,21-Nov-08,21-Nov-08,ARV,Adult,S. BUYS WHOLESALER,"Emtricitabine/Tenofovir Disoproxil Fumarate 200/300mg [Truvada], tablets, 30 Tabs",Emtricitabine/Tenofovir Disoproxil Fumarate,Truvada,300/200mg,Tablet - FDC,30,80,2336.0,29.2,0.97,"Aspen-OSD, Port Elizabeth, SA",No,Weight Captured Separately,Freight Included in Commodity Cost,4.58
83955,111-MZ-T30,FPQ-4479,SO-30441,DN-1495,Mozambique,PMO - US,From RDC,N/A - From RDC,Truck,2/26/09,N/A - From RDC,1-Dec-09,18-Nov-09,18-Nov-09,ARV,Adult,SCMS from RDC,"Zidovudine 300mg, tablets, 60 Tabs",Zidovudine,Generic,300mg,Tablet,60,16566,127723.86,7.71,0.13,Hetero Unit III Hyderabad IN,Yes,921,4468.51,250.34
84846,109-TZ-T30,FPQ-12015,SO-44983,DN-3295,Tanzania,PMO - US,From RDC,N/A - From RDC,Truck,4/2/13,N/A - From RDC,15-Oct-13,10-Sep-13,10-Sep-13,ARV,Adult,SCMS from RDC,"Emtricitabine/Tenofovir Disoproxil Fumarate 200/300mg, tablets, 30 Tabs",Emtricitabine/Tenofovir Disoproxil Fumarate,Generic,200/300mg,Tablet - FDC,30,19086,112034.82,5.87,0.2,"Aurobindo Unit III, India",No,See DN-3295 (ID#:83155),See DN-3295 (ID#:83155),138.59
10736,112-NG-T01,Pre-PQ Process,SO-22530,DN-1081,Nigeria,PMO - US,From RDC,N/A - From RDC,Air,Pre-PQ Process,N/A - From RDC,16-Feb-09,16-Feb-09,16-Feb-09,ARV,Adult,SCMS from RDC,"Lamivudine/Zidovudine 150/300mg, tablets, 60 Tabs",Lamivudine/Zidovudine,Generic,150/300mg,Tablet - FDC,60,1116,10434.6,9.35,0.16,"Aurobindo Unit III, India",Yes,102,3680.33,20.45
8646,116-ZA-T01,Pre-PQ Process,SCMS-28830,ASN-2503,South Africa,PMO - US,Direct Drop,DDP,Truck,Pre-PQ Process,Date Not Captured,25-Aug-08,14-Aug-08,14-Aug-08,ARV,Pediatric,S. BUYS WHOLESALER,"Efavirenz 50mg [Stocrin/Sustiva], capsule, 30 Caps",Efavirenz,Stocrin/Sustiva,50mg,Capsule,30,200,572.0,2.86,0.1,"MSD Midrand, J'burg, SA",No,Weight Captured Separately,Freight Included in Commodity Cost,0.92
29725,106-HT-T30,FPQ-15038,SCMS-262911,ASN-31028,Haiti,PMO - US,Direct Drop,EXW,Ocean,10/22/14,12/31/14,9-May-15,9-May-15,11-May-15,ARV,Adult,Aurobindo Pharma Limited,"Efavirenz/Lamivudine/Tenofovir Disoproxil Fumarate 600/300/300mg, tablets, 30 Tabs",Efavirenz/Lamivudine/Tenofovir Disoproxil Fumarate,Generic,600/300/300mg,Tablet - FDC,30,26010,273105.0,10.5,0.35,"Aurobindo Unit VII, IN",Yes,3619,10101.17,280.75
28601,106-HT-T30,FPQ-13494,SCMS-225424,ASN-30187,Haiti,PMO - US,Direct Drop,EXW,Air,1/21/14,2/19/14,20-Feb-15,20-Feb-15,23-Feb-15,HRDT,HIV test,"SHANGHAI KEHUA BIOENGINEERING CO.,LTD.  (KHB)","HIV 1/2, SKB Colloidal Gold, Diagnostic Kit, Antibody, 50 Tests","HIV 1/2, Colloidal Gold, Diagnostic Kit, Antibody",Colloidal Gold,,Test kit,1,400,9800.0,24.5,24.5,"KHB Test Kit Facility, Shanghai China",Yes,253,3087.68,10.07
83529,114-UG-T30,FPQ-7162,SO-38800,DN-2329,Uganda,PMO - US,From RDC,N/A - From RDC,Truck,2/14/11,N/A - From RDC,5-Aug-11,24-Aug-11,24-Aug-11,ARV,Adult,SCMS from RDC,"Lamivudine/Nevirapine/Zidovudine 150/200/300mg, tablets, 60 Tabs",Lamivudine/Nevirapine/Zidovudine,Generic,150/300/200mg,Tablet - FDC,60,105000,1178100.0,11.22,0.19,Mylan (formerly Matrix) Nashik,No,See DN-2329 (ID#:82976),See DN-2329 (ID#:82976),1943.86
86453,109-TZ-T30,FPQ-8297,SO-40612,DN-2543,Tanzania,PMO - US,From RDC,N/A - From RDC,Truck,8/22/11,N/A - From RDC,30-Mar-12,14-Feb-12,14-Feb-12,ARV,Adult,SCMS from RDC,"Lamivudine/Zidovudine 150/300mg, tablets, 60 Tabs",Lamivudine/Zidovudine,Generic,150/300mg,Tablet - FDC,60,233630,1929783.8,8.26,0.14,"Aurobindo Unit III, India",Yes,21394,13590.64,3184.14
84394,101-CD-T30,FPQ-14252,SO-48860,DN-3836,"Congo, DRC",PMO - US,From RDC,N/A - From RDC,Air,5/7/14,N/A - From RDC,24-Sep-14,28-Oct-14,4-Dec-14,ARV,Adult,SCMS from RDC,"Nevirapine 200mg, tablets, 60 Tabs",Nevirapine,Generic,200mg,Tablet,60,2725,5940.5,2.18,0.04,Hetero Unit III Hyderabad IN,No,See DN-3836 (ID#:83825),See DN-3836 (ID#:83825),6.11
69659,106-HT-T30,FPQ-14083,SCMS-240202,ASN-28246,Haiti,PMO - US,Direct Drop,EXW,Ocean,5/11/14,7/31/14,17-Nov-14,17-Nov-14,17-Nov-14,ARV,Pediatric,MYLAN LABORATORIES LTD (FORMERLY MATRIX LABORATORIES),"Lamivudine/Nevirapine/Zidovudine 30/50/60mg, dispersible tablets, 60 Tabs",Lamivudine/Nevirapine/Zidovudine,Generic,30/50/60mg,Chewable/dispersible tablet - FDC,60,1152,4147.2,3.6,0.06,Mylan (formerly Matrix) Nashik,No,See ASN-28246 (ID#:33379),See ASN-28246 (ID#:33379),4.26
54019,100-ZM-T30,FPQ-12546,SCMS-201860,ASN-21891,Zambia,PMO - US,Direct Drop,EXW,Ocean,6/27/13,8/19/13,25-Feb-14,25-Feb-14,25-Feb-14,ARV,Adult,Aurobindo Pharma Limited,"Efavirenz/Emtricitabine/Tenofovir Disoproxil Fumarate 600/200/300mg, tablets, 30 Tabs",Efavirenz/Emtricitabine/Tenofovir Disoproxil Fumarate,Generic,600/200/300mg,Tablet - FDC,30,77654,916317.2,11.8,0.39,"Aurobindo Unit VII, IN",Yes,8725,54417.75,1133.48
24934,151-NG-T30,FPQ-5124,SCMS-66900,ASN-6712,Nigeria,PMO - US,Direct Drop,FCA,Air,2/15/10,3/5/10,21-Jun-10,21-Jun-10,21-Jun-10,ARV,Adult,Hoffmann-La Roche ltd Basel,"Saquinavir 500mg [Invirase], tablets, 120 Tabs",Saquinavir,Invirase,500mg,Tablet,120,430,40713.32,94.68,0.79,Roche Basel,Yes,77,729.03,87.78
86580,110-ZM-T30,FPQ-11553,SO-44477,DN-3211,Zambia,PMO - US,From RDC,N/A - From RDC,Truck,1/28/13,N/A - From RDC,22-Oct-13,22-Oct-13,11-Nov-13,ARV,Adult,SCMS from RDC,"Nevirapine 200mg, tablets, 60 Tabs",Nevirapine,Generic,200mg,Tablet,60,42773,96666.98,2.26,0.04,Hetero Unit III Hyderabad IN,Yes,2270,4356.75,119.58
74357,103-KE-T30,FPQ-10018,SCMS-149610,ASN-15668,Kenya,PMO - US,Direct Drop,EXW,Air,6/5/12,6/14/12,9-Jul-12,28-Jul-12,28-Jul-12,HRDT,HIV test,"Orgenics, Ltd","HIV 1/2, Determine Complete HIV Kit, 100 Tests","HIV 1/2, Determine Complete HIV Kit",Determine,,Test kit,100,6618,589002.0,89.0,0.89,"Alere Medical Co., Ltd.",Yes,1139,11827.07,825.78
12198,111-MZ-T01,Pre-PQ Process,SO-1615,DN-698,Mozambique,PMO - US,From RDC,N/A - From RDC,Air,Pre-PQ Process,N/A - From RDC,23-Jun-08,23-Jun-08,23-Jun-08,ARV,Adult,SCMS from RDC,"Ritonavir 100mg [Norvir], capsules, cool, 84 Caps",Ritonavir,Norvir,100mg,Capsule,84,360,3452.4,9.59,0.11,ABBVIE (Abbott) Logis. UK,No,See DN-698 (ID#:10970),See DN-698 (ID#:10970),5.52
83824,111-MZ-T30,FPQ-13124,SO-47060,DN-3830,Mozambique,PMO - US,From RDC,N/A - From RDC,Truck,10/21/13,N/A - From RDC,29-Aug-14,15-Aug-14,25-Aug-14,ARV,Adult,SCMS from RDC,"Abacavir 300mg, tablets, 60 Tabs",Abacavir,Generic,300mg,Tablet,60,10868,122047.64,11.23,0.19,Mylan (formerly Matrix) Nashik,Yes,1026,1138.29,125.46
4594,102-GY-T01,Pre-PQ Process,SCMS-27040,ASN-2473,Guyana,PMO - US,Direct Drop,EXW,Air,Pre-PQ Process,7/18/08,1-Oct-08,1-Oct-08,1-Oct-08,HRDT,HIV test,"Trinity Biotech, Plc","HIV 1/2, Uni-Gold HIV Kit, 20 Tests","HIV 1/2, Uni-Gold HIV Kit",Uni-Gold,,Test kit,20,1062,33984.0,32.0,1.6,"Trinity Biotech, Plc",Yes,1062,3976.33,54.37
543,106-HT-T01,Pre-PQ Process,SCMS-23840,ASN-2504,Haiti,PMO - US,Direct Drop,EXW,Air,Pre-PQ Process,5/20/08,30-Sep-08,30-Sep-08,30-Sep-08,HRDT,HIV test,Orasure Technologies Inc.,"HIV 1/2, OraQuick Advance HIV Rapid Antibody Kit, 100 Tests","HIV 1/2, OraQuick Advance HIV Rapid Antibody Kit",OraQuick,,Test kit,100,28,9800.0,350.0,3.5,"Pacific Biotech, Thailand",Yes,109,782.13,15.68
83537,151-NG-T30,FPQ-7812,SO-39999,DN-2377,Nigeria,PMO - US,From RDC,N/A - From RDC,Air Charter,6/6/11,N/A - From RDC,3-Nov-11,28-Sep-11,28-Sep-11,ARV,Adult,SCMS from RDC,"Efavirenz 600mg, tablets, 30 Tabs",Efavirenz,Generic,600mg,Tablet,30,100000,422000.0,4.22,0.14,Hetero Unit III Hyderabad IN,Yes,5712,18495.9,696.3
82908,106-HT-T30,FPQ-5523,SO-36760,DN-1964,Haiti,PMO - US,From RDC,N/A - From RDC,Air,4/19/10,N/A - From RDC,10-Aug-10,23-Aug-10,23-Aug-10,ARV,Adult,SCMS from RDC,"Efavirenz 600mg, tablets, 30 Tabs",Efavirenz,Generic,600mg,Tablet,30,39312,174938.4,4.45,0.15,"Strides, Bangalore, India.",Yes,7225,69748.5,377.17
11367,107-RW-T01,Pre-PQ Process,SO-308,DN-25,Rwanda,PMO - US,From RDC,N/A - From RDC,Air,Pre-PQ Process,N/A - From RDC,17-Mar-07,17-Mar-07,17-Mar-07,ARV,Adult,SCMS from RDC,"Tenofovir Disoproxil Fumarate 300mg [Viread], tablets, 30 Tabs",Tenofovir Disoproxil Fumarate,Viread,300mg,Tablet,30,4000,68000.0,17.0,0.57,Gilead(Nycomed) Oranienburg DE,Yes,256,12205.4,
83569,104-CI-T30,FPQ-8787,SO-41171,DN-2545,Côte d'Ivoire,PMO - US,From RDC,N/A - From RDC,Air,11/11/11,N/A - From RDC,21-May-12,1-Mar-12,1-Mar-12,ARV,Adult,SCMS from RDC,"Lamivudine 150mg, tablets, 60 Tabs",Lamivudine,Generic,150mg,Tablet,60,10350,24115.5,2.33,0.04,"Aurobindo Unit III, India",Yes,495,20548.8,33.81
84222,106-HT-T30,FPQ-11281,SO-44410,DN-3014,Haiti,PMO - US,From RDC,N/A - From RDC,Air,1/16/13,N/A - From RDC,9-Apr-13,3-Jan-13,3-Jan-13,ARV,Adult,SCMS from RDC,"Lamivudine/Nevirapine/Stavudine 150/200/30mg, tablets, 60 Tabs",Lamivudine/Nevirapine/Stavudine,Generic,150/200/30mg,Tablet - FDC,60,270,1269.0,4.7,0.08,"Strides, Bangalore, India.",No,See DN-3014 (ID#:83655),See DN-3014 (ID#:83655),1.57
85634,106-HT-T30,FPQ-4469,SO-34240,DN-1530,Haiti,PMO - US,From RDC,N/A - From RDC,Air,9/23/09,N/A - From RDC,30-Nov-09,30-Nov-09,30-Nov-09,ARV,Pediatric,SCMS from RDC,"Stavudine 1mg/ml, powder for oral solution, 200 ml",Stavudine,Generic,1mg/ml,Oral solution,200,100,140.0,1.4,0.01,"Aurobindo Unit III, India",No,See DN-1530 (ID#:83964),See DN-1530 (ID#:83964),0.3
68116,116-ZA-T30,FPQ-13973,SCMS-238551,ASN-26882,South Africa,PMO - US,Direct Drop,DDP,Truck,4/30/14,6/25/14,25-Jun-14,25-Jun-14,25-Jun-14,ARV,Adult,PHARMACY DIRECT,"Efavirenz 600mg, tablets, 30 Tabs",Efavirenz,Generic,600mg,Tablet,30,106,1653.18,15.6,0.52,"Aurobindo Unit III, India",No,Weight Captured Separately,Freight Included in Commodity Cost,1.7
64757,106-HT-T30,FPQ-12590,SCMS-210510,ASN-24412,Haiti,PMO - US,Direct Drop,EXW,Ocean,8/21/13,10/25/13,9-May-14,9-May-14,12-May-14,ARV,Adult,HETERO LABS LIMITED,"Efavirenz/Lamivudine/Tenofovir Disoproxil Fumarate 600/300/300mg, tablets, 30 Tabs",Efavirenz/Lamivudine/Tenofovir Disoproxil Fumarate,Generic,600/300/300mg,Tablet - FDC,30,39600,415800.0,10.5,0.35,Hetero Unit III Hyderabad IN,Yes,5986,2549.52,514.34
52353,108-VN-T30,FPQ-11418,SCMS-176300,ASN-19787,Vietnam,PMO - US,Direct Drop,EXW,Air,1/29/13,2/6/13,1-Jul-13,1-Jul-13,1-Jul-13,ARV,Adult,HETERO LABS LIMITED,"Lamivudine/Nevirapine/Zidovudine 150/200/300mg, tablets, 60 Tabs",Lamivudine/Nevirapine/Zidovudine,Generic,150/300/200mg,Tablet - FDC,60,6900,56649.0,8.21,0.14,Hetero Unit III Hyderabad IN,No,See ASN-19787 (ID#:13978),See ASN-19787 (ID#:13978),70.07
85263,106-HT-T30,FPQ-9056,SO-41310,DN-2667,Haiti,PMO - US,From RDC,N/A - From RDC,Air,12/20/11,N/A - From RDC,29-Jun-12,6-Jun-12,6-Jun-12,ARV,Adult,SCMS from RDC,"Lamivudine/Tenofovir Disoproxil Fumarate 300/300mg, tablets, 30 Tabs",Lamivudine/Tenofovir Disoproxil Fumarate,Generic,300/300mg,Tablet - FDC,30,50928,282141.12,5.54,0.18,"Cipla, Kurkumbh, India",Yes,5456,53775.56,395.56
4947,100-SN-T01,Pre-PQ Process,SCMS-38270,ASN-3546,Senegal,PMO - US,Direct Drop,EXW,Air,Pre-PQ Process,2/6/09,25-Mar-09,25-Mar-09,25-Mar-09,HRDT,HIV test,"Orgenics, Ltd","HIV 1/2, ImmunoComb TriSpot Ag - Ab Kit, 36 Tests","HIV 1/2, ImmunoComb TriSpot Ag - Ab Kit",ImmunoComb,,Test kit,36,80,6800.0,85.0,2.36,INVERNESS ORGENICS LINE,Yes,33,812,13.33
84170,110-ZM-T30,FPQ-9081,SO-41280,DN-2659,Zambia,PMO - US,From RDC,N/A - From RDC,Truck,12/22/11,N/A - From RDC,1-Jun-12,28-May-12,28-May-12,ARV,Adult,SCMS from RDC,"Nevirapine 200mg, tablets, 60 Tabs",Nevirapine,Generic,200mg,Tablet,60,13127,32948.77,2.51,0.04,"Aurobindo Unit III, India",Yes,1252,6079.27,46.19
86339,105-GY-T30,FPQ-6307,SO-37400,DN-2017,Guyana,PMO - US,From RDC,N/A - From RDC,Air,8/30/10,N/A - From RDC,23-Nov-10,19-Sep-10,19-Sep-10,ARV,Pediatric,SCMS from RDC,"Zidovudine 10mg/ml, oral solution, Bottle, 240 ml",Zidovudine,Generic,10mg/ml,Oral solution,240,567,1145.34,2.02,0.01,"Aurobindo Unit III, India",No,See DN-2017 (ID#:82918),See DN-2017 (ID#:82918),2.47
2475,116-ZA-T01,Pre-PQ Process,SCMS-47360,ASN-4286,South Africa,PMO - US,Direct Drop,DDP,Truck,Pre-PQ Process,4/2/09,31-Jul-09,4-May-09,4-May-09,ARV,Pediatric,S. BUYS WHOLESALER,"Ritonavir 80mg/ml [Norvir], oral solution, cool, Bottle, 90 ml",Ritonavir,Norvir,80mg/ml,Oral solution,90,6,43.2,7.2,0.08,ABBVIE (Abbott) France,Yes,Weight Captured Separately,Freight Included in Commodity Cost,0.08
86135,901-NA-T30,FPQ-14670,SO-49560,DN-3907,Namibia,PMO - US,From RDC,N/A - From RDC,Truck,7/30/14,N/A - From RDC,30-Sep-14,15-Sep-14,25-Sep-14,ARV,Adult,SCMS from RDC,"Lamivudine/Zidovudine 150/300mg, tablets, 60 Tabs",Lamivudine/Zidovudine,Generic,150/300mg,Tablet - FDC,60,13337,86957.24,6.52,0.11,"Aurobindo Unit III, India",No,See DN-3907 (ID#:82729),See DN-3907 (ID#:82729),89.39
25328,116-ZA-T30,FPQ-4770,SCMS-60170,ASN-5934,South Africa,PMO - US,Direct Drop,DDP,Truck,12/17/09,12/23/09,28-Dec-09,28-Dec-09,28-Dec-09,ARV,Adult,S. BUYS WHOLESALER,"Lopinavir/Ritonavir 200/50mg [Aluvia], tablets, 120 Tabs",Lopinavir/Ritonavir,Aluvia,200/50mg,Tablet,120,150,6083.68,40.56,0.34,ABBVIE Ludwigshafen Germany,Yes,Weight Captured Separately,Freight Included in Commodity Cost,13.12
12826,100-PK-T01,Pre-PQ Process,SO-14930,DN-1004,Pakistan,PMO - US,From RDC,N/A - From RDC,Air,Pre-PQ Process,N/A - From RDC,17-Nov-08,17-Nov-08,17-Nov-08,HRDT,HIV test - Ancillary,SCMS from RDC,"HIV, Lancet, Safety, for HIV Test kits, 100 Pcs","HIV, Lancet, Safety, for HIV Test kits, 100 Pcs",Generic,,Test kit - Ancillary,100,12,0.12,0.01,0.0,Inverness Japan,No,See DN-1004 (ID#:11280),See DN-1004 (ID#:11280),0.0
9078,116-ZA-T01,Pre-PQ Process,SCMS-47390,ASN-4402,South Africa,PMO - US,Direct Drop,DDP,Truck,Pre-PQ Process,4/2/09,31-Jul-09,21-Apr-09,21-Apr-09,ARV,Adult,S. BUYS WHOLESALER,"Ritonavir 100mg [Norvir], capsules, cool, 84 Caps",Ritonavir,Norvir,100mg,Capsule,84,10,84.0,8.4,0.1,ABBVIE (Abbott) Logis. UK,No,Weight Captured Separately,Freight Included in Commodity Cost,0.16
86729,111-MZ-T30,FPQ-13575,SO-47700,DN-3939,Mozambique,PMO - US,From RDC,N/A - From RDC,Truck,1/17/14,N/A - From RDC,31-Oct-14,30-Oct-14,13-Nov-14,ARV,Adult,SCMS from RDC,"Lamivudine/Nevirapine/Zidovudine 150/200/300mg, tablets, 60 Tabs",Lamivudine/Nevirapine/Zidovudine,Generic,150/300/200mg,Tablet - FDC,60,110000,908600.0,8.26,0.14,"Aurobindo Unit III, India",No,See DN-3939 (ID#:82732),See DN-3939 (ID#:82732),934.04
12557,104-CI-T01,Pre-PQ Process,SO-21840,DN-1120,Côte d'Ivoire,PMO - US,From RDC,N/A - From RDC,Air,Pre-PQ Process,N/A - From RDC,26-May-09,26-May-09,26-May-09,ARV,Pediatric,SCMS from RDC,"Lamivudine 10mg/ml, oral solution, Bottle, 240 ml",Lamivudine,Generic,10mg/ml,Oral solution,240,3060,5814.0,1.9,0.01,"Aurobindo Unit III, India",No,See DN-1120 (ID#:12556),See DN-1120 (ID#:12556),11.4
86478,114-UG-T30,FPQ-9875,SO-42080,DN-2677,Uganda,PMO - US,From RDC,N/A - From RDC,Truck,5/9/12,N/A - From RDC,17-Aug-12,8-Jun-12,8-Jun-12,ARV,Adult,SCMS from RDC,"Lamivudine/Zidovudine 150/300mg, tablets, 60 Tabs",Lamivudine/Zidovudine,Generic,150/300mg,Tablet - FDC,60,18518,144070.04,7.78,0.13,Mylan (formerly Matrix) Nashik,No,See DN-2677 (ID#:83039),See DN-2677 (ID#:83039),201.99
84874,109-TZ-T30,FPQ-12587,SO-45995,DN-3458,Tanzania,PMO - US,From RDC,N/A - From RDC,Truck,7/4/13,N/A - From RDC,31-Dec-13,25-Feb-14,13-Mar-14,ARV,Pediatric,SCMS from RDC,"Lamivudine/Nevirapine/Stavudine 30/50/6mg, dispersible tablets, 60 Tabs",Lamivudine/Nevirapine/Stavudine,Generic,30/50/6mg,Chewable/dispersible tablet - FDC,60,9301,21392.3,2.3,0.04,"Cipla, Goa, India",No,See DN-3458 (ID#:83196),See DN-3458 (ID#:83196),26.46
84581,106-HT-T30,FPQ-5523,SO-36760,DN-1964,Haiti,PMO - US,From RDC,N/A - From RDC,Air,4/19/10,N/A - From RDC,10-Aug-10,23-Aug-10,23-Aug-10,ARV,Pediatric,SCMS from RDC,"Lamivudine 10mg/ml, oral solution, Bottle, 240 ml",Lamivudine,Generic,10mg/ml,Oral solution,240,3840,7411.2,1.93,0.01,"Cipla, Goa, India",No,See DN-1964 (ID#:82908),See DN-1964 (ID#:82908),15.98
85117,105-GY-T30,FPQ-5599,SO-36700,DN-1838,Guyana,PMO - US,From RDC,N/A - From RDC,Air,4/28/10,N/A - From RDC,7-Jun-10,27-May-10,27-May-10,ARV,Adult,SCMS from RDC,"Nevirapine 200mg, tablets, 60 Tabs",Nevirapine,Generic,200mg,Tablet,60,1815,4827.9,2.66,0.04,"Aurobindo Unit III, India",No,See DN-1838 (ID#:82887),See DN-1838 (ID#:82887),10.41
27421,109-TZ-T30,FPQ-10809,SCMS-162860,ASN-17469,Tanzania,PMO - US,Direct Drop,EXW,Air,10/11/12,10/18/12,31-Dec-12,31-Dec-12,31-Dec-12,HRDT,HIV test,"Orgenics, Ltd","HIV 1/2, Determine Complete HIV Kit, 100 Tests","HIV 1/2, Determine Complete HIV Kit",Determine,,Test kit,100,762,60960.0,80.0,0.8,"Alere Medical Co., Ltd.",Yes,362,7060.97,75.41
83481,110-ZM-T30,FPQ-5702,SO-38000,DN-2099,Zambia,PMO - US,From RDC,N/A - From RDC,Truck,5/20/10,N/A - From RDC,28-Jan-11,11-Feb-11,11-Feb-11,ARV,Adult,SCMS from RDC,"Efavirenz 600mg, tablets, 30 Tabs",Efavirenz,Generic,600mg,Tablet,30,28271,127784.92,4.52,0.15,"Aurobindo Unit III, India",Yes,2507,9553.01,275.5
11055,114-UG-T01,Pre-PQ Process,SO-31360,DN-1287,Uganda,PMO - US,From RDC,N/A - From RDC,Air,Pre-PQ Process,N/A - From RDC,22-Jun-09,22-Jun-09,22-Jun-09,ARV,Adult,SCMS from RDC,"Lamivudine/Nevirapine/Zidovudine 150/200/300mg, tablets, 60 Tabs",Lamivudine/Nevirapine/Zidovudine,Generic,150/300/200mg,Tablet - FDC,60,11216,127301.6,11.35,0.19,"Aurobindo Unit III, India",Yes,1894,13293.41,249.51
12863,123-NG-T01,Pre-PQ Process,SO-13000,DN-1026,Nigeria,PMO - US,From RDC,N/A - From RDC,Air,Pre-PQ Process,N/A - From RDC,17-Dec-08,17-Dec-08,17-Dec-08,ARV,Adult,SCMS from RDC,"Stavudine 30mg, capsules, 60 Caps",Stavudine,Generic,30mg,Capsule,60,7876,12207.8,1.55,0.03,"Aurobindo Unit III, India",Yes,521,4608.92,23.93
33544,111-MZ-T30,FPQ-11923,SCMS-187130,ASN-21340,Mozambique,PMO - US,Direct Drop,FCA,Air,4/19/13,4/25/13,30-Sep-13,30-Sep-13,30-Sep-13,ARV,Adult,ABBVIE LOGISTICS (FORMERLY ABBOTT LOGISTICS BV),"Ritonavir 100mg [Norvir], film coated tablets, 60 Tabs",Ritonavir,Norvir,100mg,Tablet,60,168,1150.8,6.85,0.11,ABBVIE Ludwigshafen Germany,Yes,23,851.62,1.42
86662,113-ZW-T30,FPQ-12950,SO-46620,DN-3588,Zimbabwe,PMO - US,From RDC,N/A - From RDC,Truck,9/10/13,N/A - From RDC,6-May-14,21-Mar-14,17-Apr-14,ARV,Adult,SCMS from RDC,"Efavirenz/Lamivudine/Tenofovir Disoproxil Fumarate 600/300/300mg, tablets, 30 Tabs",Efavirenz/Lamivudine/Tenofovir Disoproxil Fumarate,Generic,600/300/300mg,Tablet - FDC,30,143023,1594706.45,11.15,0.37,Mylan (formerly Matrix) Nashik,No,See DN-3588 (ID#:83225),See DN-3588 (ID#:83225),1972.65
12012,110-ZM-T01,Pre-PQ Process,SO-33021,DN-1448,Zambia,PMO - US,From RDC,N/A - From RDC,Truck,Date Not Captured,N/A - From RDC,13-Oct-09,13-Oct-09,13-Oct-09,ARV,Adult,SCMS from RDC,"Efavirenz 600mg, tablets, 30 Tabs",Efavirenz,Generic,600mg,Tablet,30,4000,24880.0,6.22,0.21,"Aurobindo Unit III, India",Yes,1900,4997.46,48.76
84506,104-CI-T30,FPQ-3964,SO-33040,DN-1510,Côte d'Ivoire,PMO - US,From RDC,N/A - From RDC,Air,7/24/09,N/A - From RDC,1-Dec-09,5-Nov-09,5-Nov-09,ARV,Adult,SCMS from RDC,"Lamivudine/Nevirapine/Stavudine 150/200/30mg, tablets, 60 Tabs",Lamivudine/Nevirapine/Stavudine,Generic,150/200/30mg,Tablet - FDC,60,19937,139559.0,7.0,0.12,"Strides, Bangalore, India.",Yes,5340,5028.04,273.54
70531,106-HT-T30,FPQ-11443,SCMS-180960,ASN-20434,Haiti,PMO - US,Direct Drop,EXW,Air,2/7/13,3/22/13,14-Aug-13,14-Aug-13,14-Aug-13,ARV,Adult,MICRO LABS LIMITED,"Nevirapine 200mg, tablets, 60 Tabs",Nevirapine,Generic,200mg,Tablet,60,15825,34815.0,2.2,0.04,"Micro labs, Verna, Goa, India",No,See ASN-20434 (ID#:13874),See ASN-20434 (ID#:13874),43.07
75810,104-CI-T30,FPQ-9263,SCMS-139100,ASN-14678,Côte d'Ivoire,PMO - US,Direct Drop,EXW,Air,2/1/12,3/8/12,22-May-12,22-May-12,22-May-12,ARV,Adult,MYLAN LABORATORIES LTD (FORMERLY MATRIX LABORATORIES),"Atazanavir/Ritonavir 300/100mg, tablets, 30 Tabs",Atazanavir/Ritonavir,Generic,300/100mg,Tablet,30,1800,45000.0,25.0,0.83,Mylan (formerly Matrix) Nashik,Yes,225,3109.21,63.09
83129,104-CI-T30,FPQ-10633,SO-43330,DN-3075,Côte d'Ivoire,PMO - US,From RDC,N/A - From RDC,Truck,9/11/12,N/A - From RDC,28-Mar-13,30-Mar-13,30-Mar-13,ARV,Adult,SCMS from RDC,"Lamivudine/Nevirapine/Zidovudine 150/200/300mg, tablets, 60 Tabs",Lamivudine/Nevirapine/Zidovudine,Generic,150/300/200mg,Tablet - FDC,60,8778,75315.24,8.58,0.14,Hetero Unit III Hyderabad IN,Yes,22043,41802.56,105.59
82653,111-MZ-T30,FPQ-12416,SO-45890,DN-3553,Mozambique,PMO - US,From RDC,N/A - From RDC,Truck,6/28/13,N/A - From RDC,3-Jun-14,3-Jun-14,11-Jun-14,ARV,Adult,SCMS from RDC,"Abacavir 300mg, tablets, 60 Tabs",Abacavir,Generic,300mg,Tablet,60,10000,113600.0,11.36,0.19,Mylan (formerly Matrix) Nashik,Yes,3118,4768.06,140.52
11909,126-NG-T01,Pre-PQ Process,SO-10770,DN-870,Nigeria,PMO - US,From RDC,N/A - From RDC,Air,Pre-PQ Process,N/A - From RDC,18-Aug-08,18-Aug-08,18-Aug-08,ARV,Adult,SCMS from RDC,"Stavudine 30mg, capsules, 60 Caps",Stavudine,Generic,30mg,Capsule,60,13380,20739.0,1.55,0.03,"Aurobindo Unit III, India",Yes,925,9185.15,33.18
12672,107-RW-T01,Pre-PQ Process,SO-824,DN-266,Rwanda,PMO - US,From RDC,N/A - From RDC,Air,Pre-PQ Process,N/A - From RDC,2-Aug-07,2-Aug-07,2-Aug-07,HRDT,HIV test,SCMS from RDC,"HIV 1/2/O, First Response HIV 1-2.0, v.3.0 Cards Kit, 30 Tests","HIV 1/2/O, First Response HIV 1-2.0, v.3.0 Cards Kit",First Response,,Test kit,30,2034,33561.0,16.5,0.55,Premier Med. Corp Ltd. India,Yes,768,4465.1,53.7
1905,108-VN-T01,Pre-PQ Process,SCMS-26180,ASN-2274,Vietnam,PMO - US,Direct Drop,EXW,Air,Pre-PQ Process,7/1/08,19-Sep-08,19-Sep-08,19-Sep-08,ARV,Adult,Aurobindo Pharma Limited,"Lamivudine/Zidovudine 150/300mg, tablets, 60 Tabs",Lamivudine/Zidovudine,Generic,150/300mg,Tablet - FDC,60,4300,37023.0,8.61,0.14,"Aurobindo Unit III, India",No,See ASN-2274 (ID#:610),See ASN-2274 (ID#:610),59.24
12273,109-TZ-T01,Pre-PQ Process,SO-18740,DN-1180,Tanzania,PMO - US,From RDC,N/A - From RDC,Truck,Pre-PQ Process,N/A - From RDC,11-May-09,11-May-09,11-May-09,ARV,Adult,SCMS from RDC,"Emtricitabine/Tenofovir Disoproxil Fumarate 200/300mg [Truvada], tablets, 30 Tabs",Emtricitabine/Tenofovir Disoproxil Fumarate,Truvada,300/200mg,Tablet - FDC,30,20240,531300.0,26.25,0.88,"Aspen-OSD, Port Elizabeth, SA",No,See DN-1180 (ID#:11033),See DN-1180 (ID#:11033),1041.35
85853,110-ZM-T30,FPQ-8476,SO-40955,DN-2624,Zambia,PMO - US,From RDC,N/A - From RDC,Truck,9/27/11,N/A - From RDC,15-May-12,30-Apr-12,30-Apr-12,ARV,Adult,SCMS from RDC,"Lamivudine/Zidovudine 150/300mg, tablets, 60 Tabs",Lamivudine/Zidovudine,Generic,150/300mg,Tablet - FDC,60,887,7096.0,8.0,0.13,"Aurobindo Unit VII, IN",No,See DN-2624 (ID#:83584),See DN-2624 (ID#:83584),11.71
66374,161-ZA-T30,FPQ-5648,SCMS-75540,ASN-7991,South Africa,PMO - US,Direct Drop,DDP,Ocean,6/2/10,6/17/10,22-Oct-10,22-Oct-10,22-Oct-10,ARV,Adult,STRIDES ARCOLAB LIMITED,"Nevirapine 200mg, tablets, 60 Tabs",Nevirapine,Generic,200mg,Tablet,60,116000,327120.0,2.82,0.05,"Strides, Bangalore, India.",Yes,7193,8559.24,705.27
82545,104-CI-T30,FPQ-10633,SO-43331,DN-3022,Côte d'Ivoire,PMO - US,From RDC,N/A - From RDC,Truck,9/11/12,N/A - From RDC,28-Mar-13,28-Feb-13,28-Feb-13,ARV,Adult,SCMS from RDC,"Lamivudine/Tenofovir Disoproxil Fumarate 300/300mg, tablets, 30 Tabs",Lamivudine/Tenofovir Disoproxil Fumarate,Generic,300/300mg,Tablet - FDC,30,6500,30550.0,4.7,0.16,Hetero Unit III Hyderabad IN,Yes,677,3880.14,42.83
23375,106-HT-T30,FPQ-15038,SCMS-263030,ASN-30812,Haiti,PMO - US,Direct Drop,EXW,Air,10/22/14,12/24/14,26-Mar-15,26-Mar-15,30-Mar-15,ARV,Adult,HETERO LABS LIMITED,"Lamivudine 150mg, tablets, 60 Tabs",Lamivudine,Generic,150mg,Tablet,60,3600,6480.0,1.8,0.03,Hetero Unit III Hyderabad IN,Yes,216,2612.79,6.66
86029,109-TZ-T30,FPQ-12587,SO-45997,DN-3477,Tanzania,PMO - US,From RDC,N/A - From RDC,Truck,7/4/13,N/A - From RDC,31-Jan-14,7-Mar-14,12-Mar-14,ARV,Pediatric,SCMS from RDC,"Lamivudine/Nevirapine/Stavudine 30/50/6mg, dispersible tablets, 60 Tabs",Lamivudine/Nevirapine/Stavudine,Generic,30/50/6mg,Chewable/dispersible tablet - FDC,60,9312,21417.6,2.3,0.04,"Cipla, Goa, India",Yes,1221,4847.8,26.49
65619,116-ZA-T30,FPQ-4770,SCMS-60190,ASN-5907,South Africa,PMO - US,Direct Drop,DDP,Truck,12/17/09,12/23/09,29-Dec-09,29-Dec-09,29-Dec-09,ARV,Pediatric,S. BUYS WHOLESALER,"Lopinavir/Ritonavir 80/20mg/ml [Kaletra], oral solution, cool, Bottle 5 x 60 ml",Lopinavir/Ritonavir,Kaletra,80/20mg/ml,Oral solution,300,60,2433.47,40.56,0.14,ABBVIE (Abbott) Logis. UK,No,Weight Captured Separately,Freight Included in Commodity Cost,5.25
49749,105-SS-T30,FPQ-11539,SCMS-176930,ASN-19142,South Sudan,PMO - US,Direct Drop,EXW,Air,1/24/13,2/26/13,20-Jul-13,20-Jul-13,20-Jul-13,HRDT,HIV test - Ancillary,"Orgenics, Ltd","Chase Buffer, Determine, 100 Tests, 2.5ml x 1 Vial","Chase Buffer, Determine, 100 Tests, 2.5ml x 1 Vial",Determine,,Test kit - Ancillary,1,115,575.0,5.0,5.0,"Alere Medical Co., Ltd.",No,See ASN-19142 (ID#:22600),See ASN-19142 (ID#:22600),0.71
14508,113-ZW-T30,FPQ-7521,SCMS-108030,ASN-11413,Zimbabwe,PMO - US,Direct Drop,EXW,Air,4/7/11,5/5/11,8-Sep-11,8-Sep-11,8-Sep-11,HRDT,HIV test,"Orgenics, Ltd","HIV 1/2, Determine Complete HIV Kit, 100 Tests","HIV 1/2, Determine Complete HIV Kit",Determine,,Test kit,100,2730,218400.0,80.0,0.8,Inverness Japan,Yes,1053,27236.25,360.36
56335,111-MZ-T30,FPQ-13134,SCMS-215590,ASN-24044,Mozambique,PMO - US,Direct Drop,EXW,Air,11/12/13,11/26/13,2-Mar-14,2-Mar-14,7-May-14,ARV,Adult,Aurobindo Pharma Limited,"Didanosine 400mg, delayed-release capsules, 30 Caps",Didanosine,Generic,400mg,Delayed-release capsules,30,800,16000.0,20.0,0.67,"Aurobindo Unit III, India",Yes,62,1045.5,16.45
9202,116-ZA-T01,Pre-PQ Process,SCMS-47052,ASN-5370,South Africa,PMO - US,Direct Drop,DDP,Truck,Pre-PQ Process,6/5/09,12-Oct-09,8-Oct-09,8-Oct-09,ARV,Pediatric,S. BUYS WHOLESALER,"Stavudine 1mg/ml, powder for oral solution, 200 ml",Stavudine,Generic,1mg/ml,Oral solution,200,1200,2796.0,2.33,0.01,"Aurobindo Unit III, India",Yes,Weight Captured Separately,Freight Included in Commodity Cost,6.03
48945,114-UG-T30,FPQ-12477,SCMS-198720,ASN-21627,Uganda,PMO - US,Direct Drop,EXW,Ocean,7/8/13,7/31/13,6-Nov-13,6-Nov-13,13-Nov-13,ARV,Adult,MYLAN LABORATORIES LTD (FORMERLY MATRIX LABORATORIES),"Lamivudine/Zidovudine 150/300mg, tablets, 60 Tabs",Lamivudine/Zidovudine,Generic,150/300mg,Tablet - FDC,60,165179,1072011.71,6.49,0.11,Mylan (formerly Matrix) Nashik,Yes,37127,33981.11,1326.08
84870,111-MZ-T30,FPQ-12416,SO-45893,DN-3428,Mozambique,PMO - US,From RDC,N/A - From RDC,Truck,6/28/13,N/A - From RDC,29-Nov-13,30-Jan-14,17-Feb-14,ARV,Adult,SCMS from RDC,"Zidovudine 300mg, tablets, 60 Tabs",Zidovudine,Generic,300mg,Tablet,60,13290,74158.2,5.58,0.09,Hetero Unit III Hyderabad IN,No,See DN-3428 (ID#:83186),See DN-3428 (ID#:83186),91.73
32729,108-VN-T30,FPQ-12539,SCMS-199700,ASN-23138,Vietnam,PMO - US,Direct Drop,FCA,Air,7/11/13,7/30/13,6-Jan-14,6-Jan-14,6-Jan-14,ARV,Adult,ABBVIE LOGISTICS (FORMERLY ABBOTT LOGISTICS BV),"Ritonavir 100mg [Norvir], film coated tablets, 30 Tabs",Ritonavir,Norvir,100mg,Tablet,30,81,1884.06,23.26,0.78,ABBVIE Ludwigshafen Germany,Yes,6,3549.7,2.33
11137,112-NG-T01,Pre-PQ Process,SO-563,DN-209,Nigeria,PMO - US,From RDC,N/A - From RDC,,Pre-PQ Process,N/A - From RDC,3-Jul-07,3-Jul-07,3-Jul-07,ARV,Adult,SCMS from RDC,"Lamivudine/Nevirapine/Stavudine 150/200/40mg, tablets, 60 Tabs",Lamivudine/Nevirapine/Stavudine,Generic,150/200/40mg,Tablet - FDC,60,1018,7838.6,7.7,0.13,"Cipla, Goa, India",No,See DN-209 (ID#:11136),See DN-209 (ID#:11136),12.54
83704,114-UG-T30,FPQ-12253,SO-45470,DN-3256,Uganda,PMO - US,From RDC,N/A - From RDC,Air,5/8/13,N/A - From RDC,6-Aug-13,20-Aug-13,20-Aug-13,ARV,Adult,SCMS from RDC,"Efavirenz 600mg, tablets, 30 Tabs",Efavirenz,Generic,600mg,Tablet,30,96480,321278.4,3.33,0.11,"Aurobindo Unit III, India",No,See DN-3256 (ID#:83149),See DN-3256 (ID#:83149),397.42
85600,151-NG-T30,FPQ-14989,SO-51427,DN-4290,Nigeria,PMO - US,From RDC,N/A - From RDC,Air Charter,9/19/14,N/A - From RDC,30-Jun-15,2-Jun-15,17-Jun-15,ARV,Adult,SCMS from RDC,"Lamivudine/Nevirapine/Zidovudine 150/200/300mg, tablets, 60 Tabs",Lamivudine/Nevirapine/Zidovudine,Generic,150/300/200mg,Tablet - FDC,60,88995,687041.4,7.72,0.13,"Cipla, Goa, India",No,See DN-4290 (ID#:83340),See DN-4290 (ID#:83340),706.28
5295,102-NG-T01,Pre-PQ Process,SCMS-229,ASN-155,Nigeria,PMO - US,Direct Drop,EXW,Air,Pre-PQ Process,Date Not Captured,17-Dec-06,17-Dec-06,17-Dec-06,HRDT,HIV test,Orasure Technologies Inc.,"HIV 1/2, OraQuick Advance HIV Rapid Antibody Kit, 100 Tests","HIV 1/2, OraQuick Advance HIV Rapid Antibody Kit",OraQuick,,Test kit,100,8,3200.0,400.0,4.0,"Pacific Biotech, Thailand",Yes,Weight Captured Separately,Invoiced Separately,
11339,104-CI-T01,Pre-PQ Process,SO-32250,DN-1335,Côte d'Ivoire,PMO - US,From RDC,N/A - From RDC,Air,Date Not Captured,N/A - From RDC,16-Jul-09,16-Jul-09,16-Jul-09,ARV,Adult,SCMS from RDC,"Stavudine 15mg, capsules, 60 Caps",Stavudine,Generic,15mg,Capsule,60,296,444.0,1.5,0.02,"Aurobindo Unit III, India",No,See DN-1335 (ID#:11338),See DN-1335 (ID#:11338),0.87
10653,111-MZ-T01,Pre-PQ Process,SO-579,DN-600,Mozambique,PMO - US,From RDC,N/A - From RDC,Air,Pre-PQ Process,N/A - From RDC,18-Apr-08,18-Apr-08,18-Apr-08,ARV,Pediatric,SCMS from RDC,"Lamivudine 10mg/ml, oral solution, Bottle, 240 ml",Lamivudine,Generic,10mg/ml,Oral solution,240,2744,6695.36,2.44,0.01,"Aurobindo Unit III, India",Yes,998,3894.6,10.71
22661,106-HT-T30,FPQ-13797,SCMS-233970,ASN-27796,Haiti,PMO - US,Direct Drop,EXW,Air,3/20/14,4/30/14,14-Oct-14,14-Oct-14,20-Oct-14,ARV,Adult,CIPLA LIMITED,"Lamivudine/Nevirapine/Zidovudine 150/200/300mg, tablets, 60 Tabs",Lamivudine/Nevirapine/Zidovudine,Generic,150/300/200mg,Tablet - FDC,60,19835,160663.5,8.1,0.13,"Cipla, Goa, India",Yes,2866,17036.99,165.16
81579,103-KE-T30,FPQ-10018,SCMS-149610,ASN-15670,Kenya,PMO - US,Direct Drop,EXW,Air,6/5/12,6/14/12,9-Jul-12,30-Jul-12,30-Jul-12,HRDT,HIV test,"Orgenics, Ltd","HIV 1/2, Determine Complete HIV Kit, 100 Tests","HIV 1/2, Determine Complete HIV Kit",Determine,,Test kit,100,4,356.0,89.0,0.89,"Alere Medical Co., Ltd.",Yes,1413,15387.63,0.5
85138,104-CI-T30,FPQ-5623,SO-36890,DN-1984,Côte d'Ivoire,PMO - US,From RDC,N/A - From RDC,Air,5/7/10,N/A - From RDC,31-Aug-10,23-Aug-10,23-Aug-10,ARV,Adult,SCMS from RDC,"Lamivudine/Stavudine 150/30mg, tablets, 60 Tabs",Lamivudine/Stavudine,Generic,150/30mg,Tablet - FDC,60,441,1446.48,3.28,0.05,"Strides, Bangalore, India.",No,See DN-1984 (ID#:83453),See DN-1984 (ID#:83453),3.12
84793,106-HT-T30,FPQ-11281,SO-44400,DN-3015,Haiti,PMO - US,From RDC,N/A - From RDC,Air,1/16/13,N/A - From RDC,9-Apr-13,14-Mar-13,14-Mar-13,ARV,Adult,SCMS from RDC,"Lamivudine 150mg, tablets, 60 Tabs",Lamivudine,Generic,150mg,Tablet,60,1980,3940.2,1.99,0.03,Hetero Unit III Hyderabad IN,No,See DN-3015 (ID#:82554),See DN-3015 (ID#:82554),4.87
11520,117-ET-T01,Pre-PQ Process,SO-1512,DN-517,Ethiopia,PMO - US,From RDC,N/A - From RDC,Air,Pre-PQ Process,N/A - From RDC,14-Dec-07,14-Dec-07,14-Dec-07,ARV,Adult,SCMS from RDC,"Tenofovir Disoproxil Fumarate 300mg [Viread], tablets, 30 Tabs",Tenofovir Disoproxil Fumarate,Viread,300mg,Tablet,30,535,9095.0,17.0,0.57,Gilead(Nycomed) Oranienburg DE,Yes,33,755.5,14.55
84075,104-CI-T30,FPQ-6499,SO-37730,DN-2158,Côte d'Ivoire,PMO - US,From RDC,N/A - From RDC,Air,10/4/10,N/A - From RDC,24-Mar-11,7-Jun-11,7-Jun-11,ARV,Adult,SCMS from RDC,"Efavirenz/Emtricitabine/Tenofovir Disoproxil Fumarate 600/200/300mg, tablets, 30 Tabs",Efavirenz/Emtricitabine/Tenofovir Disoproxil Fumarate,Generic,600/200/300mg,Tablet - FDC,30,11280,224697.6,19.92,0.66,Mylan (formerly Matrix) Nashik,Yes,1264,3380.35,370.75
10282,107-RW-T01,Pre-PQ Process,SCMS-38670,ASN-3678,Rwanda,PMO - US,Direct Drop,EXW,Air,Pre-PQ Process,2/18/09,6-Apr-09,6-Apr-09,6-Apr-09,HRDT,HIV test,"Trinity Biotech, Plc","HIV 1/2, Uni-Gold HIV Kit, 20 Tests","HIV 1/2, Uni-Gold HIV Kit",Uni-Gold,,Test kit,20,963,30816.0,32.0,1.6,"Trinity Biotech, Plc",Yes,320,3100.66,60.4
83404,104-CI-T30,FPQ-4378,SO-34412,DN-1671,Côte d'Ivoire,PMO - US,From RDC,N/A - From RDC,Air,10/15/09,N/A - From RDC,9-Mar-10,10-Mar-10,10-Mar-10,ARV,Adult,SCMS from RDC,"Efavirenz 600mg, tablets, 30 Tabs",Efavirenz,Generic,600mg,Tablet,30,31092,179711.76,5.78,0.19,"Aurobindo Unit III, India",No,See DN-1671 (ID#:82863),See DN-1671 (ID#:82863),352.24
83717,105-GY-T30,FPQ-12047,SO-45040,DN-3332,Guyana,PMO - US,From RDC,N/A - From RDC,Air,4/15/13,N/A - From RDC,30-Sep-13,4-Oct-13,22-Oct-13,ARV,Pediatric,SCMS from RDC,"Efavirenz 200mg, scored tablets, 90 Tabs",Efavirenz,Generic,200mg,Tablet,90,98,911.4,9.3,0.1,"Strides, Bangalore, India.",Yes,7,4317.96,1.13
86582,901-CM-T30,FPQ-12520,SO-45820,DN-3227,Cameroon,PMO - US,From RDC,N/A - From RDC,Air Charter,6/21/13,N/A - From RDC,22-Jul-13,31-Jul-13,31-Jul-13,ARV,Adult,SCMS from RDC,"Efavirenz 600mg, tablets, 30 Tabs",Efavirenz,Generic,600mg,Tablet,30,33000,109890.0,3.33,0.11,"Strides, Bangalore, India.",No,See DN-3227 (ID#:82589),See DN-3227 (ID#:82589),135.93
43827,101-CD-T30,FPQ-14100,SCMS-239410,ASN-26738,"Congo, DRC",PMO - US,Direct Drop,EXW,Air,4/23/14,5/20/14,5-Sep-14,5-Sep-14,16-Sep-14,HRDT,HIV test,"Trinity Biotech, Plc","HIV 1/2, Uni-Gold HIV Kit, 20 Tests","HIV 1/2, Uni-Gold HIV Kit",Uni-Gold,,Test kit,20,6,192.0,32.0,1.6,"Trinity Biotech, Plc",No,See ASN-26738 (ID#:15115),See ASN-26738 (ID#:15115),0.2
31892,117-ET-T30,FPQ-4752,SCMS-61150,ASN-5843,Ethiopia,PMO - US,Direct Drop,EXW,Air,12/23/09,12/29/09,22-Jan-10,22-Jan-10,22-Jan-10,ARV,Adult,STRIDES ARCOLAB LIMITED,"Lamivudine/Stavudine 150/30mg, tablets, 60 Tabs",Lamivudine/Stavudine,Generic,150/30mg,Tablet - FDC,60,39939,134594.43,3.37,0.06,"Strides, Bangalore, India.",Yes,2038,11789.31,290.19
11055,114-UG-T01,Pre-PQ Process,SO-31360,DN-1287,Uganda,PMO - US,From RDC,N/A - From RDC,Air,Pre-PQ Process,N/A - From RDC,22-Jun-09,22-Jun-09,22-Jun-09,ARV,Adult,SCMS from RDC,"Lamivudine/Nevirapine/Zidovudine 150/200/300mg, tablets, 60 Tabs",Lamivudine/Nevirapine/Zidovudine,Generic,150/300/200mg,Tablet - FDC,60,11216,127301.6,11.35,0.19,"Aurobindo Unit III, India",Yes,1894,13293.41,249.51
85999,151-NG-T30,FPQ-11864,SO-44921,DN-3322,Nigeria,PMO - US,From RDC,N/A - From RDC,Air Charter,3/14/13,N/A - From RDC,20-Sep-13,12-Sep-13,12-Sep-13,ARV,Adult,SCMS from RDC,"Efavirenz 600mg, tablets, 30 Tabs",Efavirenz,Generic,600mg,Tablet,30,8917,29693.61,3.33,0.11,"Aurobindo Unit III, India",Yes,857,34218.36,36.73
46867,114-UG-T30,FPQ-15314,SCMS-264750,ASN-31497,Uganda,PMO - US,Direct Drop,EXW,Air,11/11/14,12/4/14,5-May-15,5-May-15,5-May-15,HRDT,HIV test,"Orgenics, Ltd","HIV 1/2, Determine Complete HIV Kit, 100 Tests","HIV 1/2, Determine Complete HIV Kit",Determine,,Test kit,100,6118,489440.0,80.0,0.8,"Alere Medical Co., Ltd.",Yes,2477,19775.55,576.07
6439,116-ZA-T01,Pre-PQ Process,SCMS-47500,ASN-4332,South Africa,PMO - US,Direct Drop,DDP,Truck,Pre-PQ Process,4/2/09,15-May-09,23-Apr-09,23-Apr-09,ARV,Pediatric,S. BUYS WHOLESALER,"Nevirapine 10mg/ml, oral suspension, Bottle, 240 ml",Nevirapine,Generic,10mg/ml,Oral suspension,240,80,750.4,9.38,0.04,"Aurobindo Unit III, India",No,See ASN-4332 (ID#:1115),See ASN-4332 (ID#:1115),1.47
82891,114-UG-T30,FPQ-5239,SO-36130,DN-1856,Uganda,PMO - US,From RDC,N/A - From RDC,Air,3/2/10,N/A - From RDC,30-Jun-10,22-Jun-10,22-Jun-10,ARV,Adult,SCMS from RDC,"Lamivudine/Nevirapine/Zidovudine 150/200/300mg, tablets, 60 Tabs",Lamivudine/Nevirapine/Zidovudine,Generic,150/300/200mg,Tablet - FDC,60,5000,56000.0,11.2,0.19,Mylan (formerly Matrix) Nashik,Yes,690,5410.32,120.74
12594,104-CI-T01,Pre-PQ Process,SO-31960,DN-1297,Côte d'Ivoire,PMO - US,From RDC,N/A - From RDC,Air,Pre-PQ Process,N/A - From RDC,30-Jun-09,30-Jun-09,30-Jun-09,ARV,Adult,SCMS from RDC,"Emtricitabine/Tenofovir Disoproxil Fumarate 200/300mg [Truvada], tablets, 30 Tabs",Emtricitabine/Tenofovir Disoproxil Fumarate,Truvada,300/200mg,Tablet - FDC,30,2160,56700.0,26.25,0.88,"Aspen-OSD, Port Elizabeth, SA",Yes,186,1660.07,111.13
12684,109-TZ-T01,Pre-PQ Process,SO-455,DN-290,Tanzania,PMO - US,From RDC,N/A - From RDC,,Pre-PQ Process,N/A - From RDC,10-Sep-07,10-Sep-07,10-Sep-07,ARV,Pediatric,SCMS from RDC,"Lopinavir/Ritonavir 80/20mg/ml [Kaletra], oral solution, cool, Bottle 5 x 60 ml",Lopinavir/Ritonavir,Kaletra,80/20mg/ml,Oral solution,300,147,6041.7,41.1,0.14,ABBVIE (Abbott) Logis. UK,No,See DN-290 (ID#:10859),See DN-290 (ID#:10859),9.67
33909,105-SS-T30,FPQ-14470,SCMS-245240,ASN-29503,South Sudan,PMO - US,Direct Drop,EXW,Air,6/17/14,7/1/14,9-Jan-15,9-Jan-15,19-Jan-15,HRDT,HIV test,"Trinity Biotech, Plc","HIV 1/2, Uni-Gold HIV Kit, 20 Tests","HIV 1/2, Uni-Gold HIV Kit",Uni-Gold,,Test kit,20,25,800.0,32.0,1.6,"Trinity Biotech, Plc",No,See ASN-29503 (ID#:13571),See ASN-29503 (ID#:13571),0.82
64850,161-ZA-T30,FPQ-5303,SCMS-68760,ASN-7110,South Africa,PMO - US,Direct Drop,DDP,Air,3/18/10,3/19/10,27-Jul-10,27-Jul-10,27-Jul-10,ARV,Adult,STRIDES ARCOLAB LIMITED,"Nevirapine 200mg, tablets, 60 Tabs",Nevirapine,Generic,200mg,Tablet,60,85111,246821.9,2.9,0.05,"Strides, Bangalore, India.",Yes,5437,9205.05,532.15
11994,110-ZM-T01,Pre-PQ Process,SO-17641,DN-1326,Zambia,PMO - US,From RDC,N/A - From RDC,Truck,Date Not Captured,N/A - From RDC,4-Sep-09,4-Sep-09,4-Sep-09,ARV,Adult,SCMS from RDC,"Efavirenz 600mg, tablets, 30 Tabs",Efavirenz,Generic,600mg,Tablet,30,12740,140140.0,11.0,0.37,Hetero Unit III Hyderabad IN,Yes,987,2448.71,274.67
83455,151-NG-T30,FPQ-5688,SO-36915,DN-1973,Nigeria,PMO - US,From RDC,N/A - From RDC,Air Charter,5/27/10,N/A - From RDC,31-Aug-10,17-Aug-10,17-Aug-10,ARV,Adult,SCMS from RDC,"Emtricitabine/Tenofovir Disoproxil Fumarate 200/300mg, tablets, 30 Tabs",Emtricitabine/Tenofovir Disoproxil Fumarate,Generic,200/300mg,Tablet - FDC,30,1328,15604.0,11.75,0.39,Mylan (formerly Matrix) Nashik,Yes,122,6147.18,33.64
9032,116-ZA-T01,Pre-PQ Process,SCMS-41040,ASN-3623,South Africa,PMO - US,Direct Drop,DDP,Air,Pre-PQ Process,Date Not Captured,7-Apr-09,3-Dec-08,3-Dec-08,ARV,Pediatric,S. BUYS WHOLESALER,"Lamivudine 10mg/ml [Epivir], oral solution, Bottle, 240 ml",Lamivudine,Epivir,10mg/ml,Oral solution,240,2000,10380.0,5.19,0.02,GSK Mississauga (Canada),No,Weight Captured Separately,Freight Included in Commodity Cost,20.34
85112,109-TZ-T30,FPQ-5436,SO-36590,DN-1824,Tanzania,PMO - US,From RDC,N/A - From RDC,Air,4/1/10,N/A - From RDC,29-Jul-10,25-May-10,25-May-10,ARV,Pediatric,SCMS from RDC,"Didanosine 100mg, chewable/dispersible tablets, 60 Tabs",Didanosine,Generic,100mg,Chewable/dispersible tablet,60,2159,16667.48,7.72,0.13,"Aurobindo Unit III, India",Yes,454,3219.93,35.94
65238,117-ET-T30,FPQ-14357,SCMS-244860,ASN-27173,Ethiopia,PMO - US,Direct Drop,EXW,Air,6/3/14,6/23/14,29-Jul-14,29-Jul-14,6-Aug-14,HRDT,HIV test,"SHANGHAI KEHUA BIOENGINEERING CO.,LTD.  (KHB)","HIV 1/2, SKB Colloidal Gold, Diagnostic Kit, Antibody, 50 Tests","HIV 1/2, Colloidal Gold, Diagnostic Kit, Antibody",Colloidal Gold,,Test kit,1,7527,184411.5,24.5,24.5,"KHB Test Kit Facility, Shanghai China",Yes,5020,78813.53,189.58
83891,114-UG-T30,FPQ-14396,SO-49010,DN-4151,Uganda,PMO - US,From RDC,N/A - From RDC,Truck,6/4/14,N/A - From RDC,16-Mar-15,12-Mar-15,17-Mar-15,ARV,Pediatric,SCMS from RDC,"Lamivudine/Nevirapine/Zidovudine 30/50/60mg, dispersible tablets, 60 Tabs",Lamivudine/Nevirapine/Zidovudine,Generic,30/50/60mg,Chewable/dispersible tablet - FDC,60,6384,22982.4,3.6,0.06,Mylan (formerly Matrix) Nashik,Yes,382,1587.3,23.63
1722,116-ZA-T01,Pre-PQ Process,SCMS-21460,ASN-1667,South Africa,PMO - US,Direct Drop,DDP,,Pre-PQ Process,4/4/08,25-Apr-08,7-Apr-08,7-Apr-08,ARV,Adult,S. BUYS WHOLESALER,"Efavirenz 600mg, tablets, 30 Tabs",Efavirenz,Generic,600mg,Tablet,30,300,4614.0,15.38,0.51,"Cipla, Goa, India",No,Weight Captured Separately,Freight Included in Commodity Cost,7.38
67868,104-CI-T30,FPQ-4381,SCMS-57601,ASN-10179,Côte d'Ivoire,PMO - US,Direct Drop,FCA,Air,11/5/09,11/23/09,29-Apr-11,29-Apr-11,29-Apr-11,ARV,Adult,ABBVIE LOGISTICS (FORMERLY ABBOTT LOGISTICS BV),"Ritonavir 100mg [Norvir], film coated tablets, 60 Tabs",Ritonavir,Norvir,100mg,Tablet,60,3450,23632.5,6.85,0.11,ABBVIE Ludwigshafen Germany,Yes,440,4588.02,46.32
86047,104-CI-T30,FPQ-12144,SO-45631,DN-3547,Côte d'Ivoire,PMO - US,From RDC,N/A - From RDC,Truck,4/22/13,N/A - From RDC,28-Feb-14,18-Jan-14,4-Mar-14,ARV,Adult,SCMS from RDC,"Lamivudine/Tenofovir Disoproxil Fumarate 300/300mg, tablets, 30 Tabs",Lamivudine/Tenofovir Disoproxil Fumarate,Generic,300/300mg,Tablet - FDC,30,5173,24313.1,4.7,0.16,"Cipla, Kurkumbh, India",No,See DN-3547 (ID#:83763),See DN-3547 (ID#:83763),30.08
84722,151-NG-T30,FPQ-8952,SO-41922,DN-2649,Nigeria,PMO - US,From RDC,N/A - From RDC,Air Charter,12/8/11,N/A - From RDC,20-Jun-12,30-Apr-12,30-Apr-12,ARV,Adult,SCMS from RDC,"Lamivudine/Tenofovir Disoproxil Fumarate 300/300mg, tablets, 30 Tabs",Lamivudine/Tenofovir Disoproxil Fumarate,Generic,300/300mg,Tablet - FDC,30,140273,777112.42,5.54,0.18,Mylan (formerly Matrix) Nashik,Yes,11734,27441.22,1089.51
84991,101-CD-T30,FPQ-14576,SO-49310,DN-3954,"Congo, DRC",PMO - US,From RDC,N/A - From RDC,Air,7/14/14,N/A - From RDC,14-Apr-15,14-Apr-15,14-Apr-15,ARV,Adult,SCMS from RDC,"Nevirapine 200mg, tablets, 60 Tabs",Nevirapine,Generic,200mg,Tablet,60,5850,12753.0,2.18,0.04,Hetero Unit III Hyderabad IN,No,See DN-3954 (ID#:82743),See DN-3954 (ID#:82743),13.11
42571,110-PK-T30,FPQ-9899,SCMS-149800,ASN-19032,Pakistan,PMO - US,Direct Drop,EXW,Air,5/18/12,7/9/12,9-Sep-13,9-Sep-13,9-Sep-13,HRDT,HIV test,INVERNESS MEDICAL INNOVATIONS HONG KONG LTD,"HIV 1/2, Determine Complete HIV Kit, 100 Tests","HIV 1/2, Determine Complete HIV Kit",Determine,,Test kit,100,4484,358720.0,80.0,0.8,"Alere Medical Co., Ltd.",Yes,1948,21689.39,502.93
40812,107-RW-T30,FPQ-3859,SCMS-49110,ASN-6538,Rwanda,PMO - US,Direct Drop,CIP,Air,6/30/09,7/15/09,29-Apr-10,29-Apr-10,29-Apr-10,ARV,Adult,EMCURE PHARMACEUTICALS LTD,"Efavirenz 600mg, tablets, 30 Tabs",Efavirenz,Generic,600mg,Tablet,30,54684,327557.16,5.99,0.2,"Emcure Plot No.P-2, I.T-B.T. Park, Phase II, MIDC, Hinjwadi, Pune, India",Yes,3889,31784.09,642.01
84369,109-TZ-T30,FPQ-12587,SO-46006,DN-3709,Tanzania,PMO - US,From RDC,N/A - From RDC,Truck,7/4/13,N/A - From RDC,30-Jun-14,10-Jun-14,12-Jun-14,ARV,Adult,SCMS from RDC,"Emtricitabine/Tenofovir Disoproxil Fumarate 200/300mg, tablets, 30 Tabs",Emtricitabine/Tenofovir Disoproxil Fumarate,Generic,200/300mg,Tablet - FDC,30,34733,199367.42,5.74,0.19,Mylan (formerly Matrix) Nashik,Yes,2746,5989.25,246.62
83115,109-TZ-T30,FPQ-10545,SO-43121,DN-3038,Tanzania,PMO - US,From RDC,N/A - From RDC,Truck,8/24/12,N/A - From RDC,1-Apr-13,15-Mar-13,15-Mar-13,ARV,Adult,SCMS from RDC,"Tenofovir Disoproxil Fumarate 300mg, tablets, 30 Tabs",Tenofovir Disoproxil Fumarate,Generic,300mg,Tablet,30,1773,7162.92,4.04,0.13,Mylan (formerly Matrix) Nashik,Yes,116,2035.84,10.04
17701,102-ML-T30,FPQ-10104,SCMS-153770,ASN-15931,Mali,PMO - US,Direct Drop,EXW,Air,7/5/12,7/31/12,11-Sep-12,11-Sep-12,11-Sep-12,HRDT,HIV test,Orasure Technologies Inc.,"HIV 1/2, OraQuick Advance HIV Rapid Antibody Kit, 100 Tests","HIV 1/2, OraQuick Advance HIV Rapid Antibody Kit",OraQuick,,Test kit,100,5,2000.0,400.0,4.0,"Pacific Biotech, Thailand",Yes,12,1840.97,2.8
10085,117-ET-T01,Pre-PQ Process,SCMS-32410,ASN-3178,Ethiopia,PMO - US,Direct Drop,EXW,Air,Pre-PQ Process,10/22/08,30-Jan-09,20-Jan-09,20-Jan-09,HRDT,HIV test,"CHEMBIO DIAGNOSTIC SYSTEMS, INC.","HIV 1/2, Stat-Pak HIV, Kit, 20 Tests","HIV 1/2, Stat-Pak HIV, Kit",Stat-Pak,,Test kit,20,9325,251775.0,27.0,1.35,Chembio Diagnostics Sys. Inc.,Yes,3061,15288.75,493.48
74502,106-HT-T30,FPQ-11304,SCMS-176451,ASN-19216,Haiti,PMO - US,Direct Drop,DAP,Truck,1/22/13,2/12/13,12-Apr-13,12-Apr-13,12-Apr-13,HRDT,HIV test,REINBOLD EXPORT IMPORT,"HIV 1/2, Determine Complete HIV Kit, 100 Tests","HIV 1/2, Determine Complete HIV Kit",Determine,,Test kit,100,11,1375.0,125.0,1.25,"Alere Medical Co., Ltd.",Yes,Weight Captured Separately,Freight Included in Commodity Cost,1.7
82785,151-NG-T30,FPQ-14766,SO-49685,DN-4172,Nigeria,PMO - US,From RDC,N/A - From RDC,Air Charter,8/13/14,N/A - From RDC,28-Feb-15,10-Mar-15,17-Mar-15,ARV,Adult,SCMS from RDC,"Lamivudine/Nevirapine/Zidovudine 150/200/300mg, tablets, 60 Tabs",Lamivudine/Nevirapine/Zidovudine,Generic,150/300/200mg,Tablet - FDC,60,350505,2705898.6,7.72,0.13,"Cipla, Goa, India",Yes,72975,129843.24,2781.66
84341,104-CI-T30,FPQ-11253,SO-44221,DN-3566,Côte d'Ivoire,PMO - US,From RDC,N/A - From RDC,Truck,12/14/12,N/A - From RDC,11-Apr-14,11-Apr-14,28-Apr-14,ARV,Adult,SCMS from RDC,"Lamivudine/Zidovudine 150/300mg, tablets, 60 Tabs",Lamivudine/Zidovudine,Generic,150/300mg,Tablet - FDC,60,70300,473119.0,6.73,0.11,Mylan (formerly Matrix) Nashik,Yes,5565,23776.42,585.25
11067,114-UG-T01,Pre-PQ Process,SO-32960,DN-1414,Uganda,PMO - US,From RDC,N/A - From RDC,Air,Date Not Captured,N/A - From RDC,14-Sep-09,14-Sep-09,14-Sep-09,ARV,Adult,SCMS from RDC,"Zidovudine 300mg, tablets, 60 Tabs",Zidovudine,Generic,300mg,Tablet,60,192,1445.76,7.53,0.13,"Aurobindo Unit III, India",Yes,11,1112.31,2.83
5800,116-ZA-T01,Pre-PQ Process,SCMS-23500,ASN-2293,South Africa,PMO - US,Direct Drop,DDP,Truck,Pre-PQ Process,Date Not Captured,20-Aug-08,8-May-08,8-May-08,ARV,Pediatric,S. BUYS WHOLESALER,"Didanosine 100mg [Videx],chewable tablets, 60 Tabs",Didanosine,Videx,100mg,Chewable/dispersible tablet,60,4,56.16,14.04,0.23,"BMS Meymac, France",No,Weight Captured Separately,Freight Included in Commodity Cost,0.09
10907,110-ZM-T01,Pre-PQ Process,SO-1028,DN-461,Zambia,PMO - US,From RDC,N/A - From RDC,,Pre-PQ Process,N/A - From RDC,25-Jan-08,25-Jan-08,25-Jan-08,ARV,Adult,SCMS from RDC,"Efavirenz 600mg, tablets, 30 Tabs",Efavirenz,Generic,600mg,Tablet,30,44135,548156.7,12.42,0.41,"Aurobindo Unit III, India",Yes,3801,13715.55,877.05
11956,151-NG-T01,Pre-PQ Process,SO-21808,DN-1142,Nigeria,PMO - US,From RDC,N/A - From RDC,Air Charter,Pre-PQ Process,N/A - From RDC,19-Mar-09,19-Mar-09,19-Mar-09,ARV,Adult,SCMS from RDC,"Lamivudine/Nevirapine/Zidovudine 150/200/300mg, tablets, 60 Tabs",Lamivudine/Nevirapine/Zidovudine,Generic,150/300/200mg,Tablet - FDC,60,4314,49179.6,11.4,0.19,"Aurobindo Unit III, India",Yes,485,22985.73,96.39
82602,104-CI-T30,FPQ-11253,SO-44201,DN-3329,Côte d'Ivoire,PMO - US,From RDC,N/A - From RDC,Truck,12/14/12,N/A - From RDC,30-Sep-13,20-Sep-13,20-Sep-13,ARV,Adult,SCMS from RDC,"Lamivudine/Zidovudine 150/300mg, tablets, 60 Tabs",Lamivudine/Zidovudine,Generic,150/300mg,Tablet - FDC,60,21158,153818.66,7.27,0.12,Mylan (formerly Matrix) Nashik,Yes,3653,15614.89,190.27
84653,100-BJ-T30,FPQ-7658,SO-39790,DN-2237,Benin,PMO - US,From RDC,N/A - From RDC,Air,5/15/11,N/A - From RDC,13-Jun-11,9-Jun-11,9-Jun-11,ARV,Adult,SCMS from RDC,"Lamivudine/Nevirapine/Zidovudine 150/200/300mg, tablets, 60 Tabs",Lamivudine/Nevirapine/Zidovudine,Generic,150/300/200mg,Tablet - FDC,60,2590,29059.8,11.22,0.19,Mylan (formerly Matrix) Nashik,No,See DN-2237 (ID#:82954),See DN-2237 (ID#:82954),47.95
18639,102-BI-T30,FPQ-9231,SCMS-141780,ASN-14979,Burundi,PMO - US,Direct Drop,EXW,Air,2/17/12,4/9/12,5-Jun-12,5-Jun-12,5-Jun-12,HRDT,HIV test,"Orgenics, Ltd","HIV 1/2, Determine Complete HIV Kit, 100 Tests","HIV 1/2, Determine Complete HIV Kit",Determine,,Test kit,100,1200,96000.0,80.0,0.8,"Alere Medical Co., Ltd.",Yes,577,14493.81,134.59
54243,901-NA-T30,FPQ-14728,SCMS-252620,ASN-27961,Namibia,PMO - US,Direct Drop,EXW,Air,7/30/14,8/19/14,29-Sep-14,29-Sep-14,30-Sep-14,ARV,Adult,MYLAN LABORATORIES LTD (FORMERLY MATRIX LABORATORIES),"Efavirenz/Emtricitabine/Tenofovir Disoproxil Fumarate 600/200/300mg, tablets, 30 Tabs",Efavirenz/Emtricitabine/Tenofovir Disoproxil Fumarate,Generic,600/200/300mg,Tablet - FDC,30,36000,378000.0,10.5,0.35,"Mylan,  H-12 & H-13, India",Yes,4171,20371.77,388.58
78290,104-CI-T30,FPQ-9823,SCMS-147570,ASN-16723,Côte d'Ivoire,PMO - US,Direct Drop,EXW,Air,5/4/12,6/13/12,30-Oct-12,30-Oct-12,30-Oct-12,HRDT,HIV test,"Orgenics, Ltd","HIV 1/2, Determine Complete HIV Kit, 100 Tests","HIV 1/2, Determine Complete HIV Kit",Determine,,Test kit,100,3100,248000.0,80.0,0.8,"Alere Medical Co., Ltd.",Yes,1473,29742.64,347.7
21988,116-ZA-T30,FPQ-14942,SCMS-259086,ASN-33674,South Africa,PMO - US,Direct Drop,DDP,Truck,9/11/14,8/11/15,11-Aug-15,11-Aug-15,11-Aug-15,ARV,Pediatric,PHARMACY DIRECT,"Lopinavir/Ritonavir 80/20mg/ml [Kaletra], oral solution, cool, Bottle 5 x 60 ml",Lopinavir/Ritonavir,Kaletra,80/20mg/ml,Oral solution,300,3,51.42,17.14,0.06,ABBVIE (Abbott) Logis. UK,Yes,Weight Captured Separately,Freight Included in Commodity Cost,0.05
47221,105-SS-T30,FPQ-15569,SCMS-272140,ASN-31129,South Sudan,PMO - US,Direct Drop,EXW,Air,12/29/14,2/20/15,8-May-15,8-May-15,11-May-15,HRDT,HIV test,"Trinity Biotech, Plc","HIV 1/2, Uni-Gold HIV Kit, 20 Tests","HIV 1/2, Uni-Gold HIV Kit",Uni-Gold,,Test kit,20,10,320.0,32.0,1.6,"Trinity Biotech, Plc",No,See ASN-31129 (ID#:40205),See ASN-31129 (ID#:40205),0.38
38480,108-VN-T30,FPQ-11418,SCMS-176230,ASN-19651,Vietnam,PMO - US,Direct Drop,EXW,Air,1/29/13,2/5/13,21-Jun-13,21-Jun-13,21-Jun-13,ARV,Adult,MICRO LABS LIMITED,"Efavirenz 600mg, tablets, 30 Tabs",Efavirenz,Generic,600mg,Tablet,30,7882,25458.86,3.23,0.11,"Micro labs, Verna, Goa, India",Yes,472,6969.97,31.49
61864,104-CI-T30,FPQ-5208,SCMS-75371,ASN-7630,Côte d'Ivoire,PMO - US,Direct Drop,EXW,Air,2/25/10,6/7/10,17-Aug-10,17-Aug-10,17-Aug-10,HRDT,HIV test,"Standard Diagnostics, Inc.","HIV 1/2, Bioline 3.0 Kit, (no accessories), 30 Tests","HIV 1/2, Bioline 3.0 Kit (no accessories)",Bioline,,Test kit,30,900,21600.0,24.0,0.8,"Standard Diagnostics, Korea",Yes,300,3489.46,46.57
86789,102-BI-T30,FPQ-15406,SO-50280,DN-4178,Burundi,PMO - US,From RDC,N/A - From RDC,Air,11/19/14,N/A - From RDC,29-May-15,25-Mar-15,30-Mar-15,ARV,Pediatric,SCMS from RDC,"Lamivudine/Zidovudine 30/60mg, dispersible tablets, 60 Tabs",Lamivudine/Zidovudine,Generic,30/60mg,Chewable/dispersible tablet - FDC,60,282,549.9,1.95,0.03,"Mylan,  H-12 & H-13, India",No,See DN-4178 (ID#:84460),See DN-4178 (ID#:84460),0.65
85784,110-ZM-T30,FPQ-7085,SO-38741,DN-2322,Zambia,PMO - US,From RDC,N/A - From RDC,Truck,2/3/11,N/A - From RDC,29-Sep-11,29-Aug-11,29-Aug-11,ARV,Adult,SCMS from RDC,"Nevirapine 200mg, tablets, 60 Tabs",Nevirapine,Generic,200mg,Tablet,60,20927,52526.77,2.51,0.04,"Strides, Bangalore, India.",No,See DN-2322 (ID#:82973),See DN-2322 (ID#:82973),86.67
6381,108-VN-T01,Pre-PQ Process,SCMS-40390,ASN-3673,Vietnam,PMO - US,Direct Drop,CIP,Air,Pre-PQ Process,3/6/09,26-Mar-09,26-Mar-09,26-Mar-09,ARV,Pediatric,BRISTOL-MYERS SQUIBB,"Didanosine 100mg [Videx],chewable tablets, 60 Tabs",Didanosine,Videx,100mg,Chewable/dispersible tablet,60,260,3315.0,12.75,0.21,"BMS Meymac, France",Yes,56,2246.81,6.5
85367,110-ZM-T30,FPQ-10728,SO-43460,DN-3186,Zambia,PMO - US,From RDC,N/A - From RDC,Truck,10/5/12,N/A - From RDC,28-Jun-13,7-Jun-13,7-Jun-13,ARV,Adult,SCMS from RDC,"Lamivudine/Zidovudine 150/300mg, tablets, 60 Tabs",Lamivudine/Zidovudine,Generic,150/300mg,Tablet - FDC,60,92492,647444.0,7.0,0.12,Hetero Unit III Hyderabad IN,No,See DN-3186 (ID#:83688),See DN-3186 (ID#:83688),907.72
85472,109-TZ-T30,FPQ-13566,SO-47651,DN-3674,Tanzania,PMO - US,From RDC,N/A - From RDC,Truck,1/15/14,N/A - From RDC,30-Jun-14,24-Jun-14,21-Aug-14,ARV,Adult,SCMS from RDC,"Efavirenz/Emtricitabine/Tenofovir Disoproxil Fumarate 600/200/300mg, tablets, 30 Tabs",Efavirenz/Emtricitabine/Tenofovir Disoproxil Fumarate,Generic,600/200/300mg,Tablet - FDC,30,50000,594500.0,11.89,0.4,"Cipla, Goa, India",Yes,5446,27804.65,611.15
11268,113-ZW-T01,Pre-PQ Process,SO-1053,DN-774,Zimbabwe,PMO - US,From RDC,N/A - From RDC,Truck,Pre-PQ Process,N/A - From RDC,17-Jun-08,17-Jun-08,17-Jun-08,HRDT,HIV test - Ancillary,SCMS from RDC,"HIV, Lancet, Safety, for HIV Test kits, 100 Pcs","HIV, Lancet, Safety, for HIV Test kits, 100 Pcs",Generic,,Test kit - Ancillary,100,1800,18.0,0.01,0.0,Inverness Japan,Yes,526,2185.82,0.03
12563,104-CI-T01,Pre-PQ Process,SO-970,DN-1163,Côte d'Ivoire,PMO - US,From RDC,N/A - From RDC,Air,Pre-PQ Process,N/A - From RDC,23-Mar-09,23-Mar-09,23-Mar-09,ARV,Pediatric,SCMS from RDC,"Lopinavir/Ritonavir 80/20mg/ml [Kaletra], oral solution, cool, Bottle 5 x 60 ml",Lopinavir/Ritonavir,Kaletra,80/20mg/ml,Oral solution,300,405,16645.5,41.1,0.14,ABBVIE (Abbott) Logis. UK,No,See DN-1163 (ID#:11030),See DN-1163 (ID#:11030),32.63
83013,109-TZ-T30,FPQ-8297,SO-40642,DN-2541,Tanzania,PMO - US,From RDC,N/A - From RDC,Truck,8/22/11,N/A - From RDC,23-Mar-12,12-Mar-12,12-Mar-12,ARV,Adult,SCMS from RDC,"Lopinavir/Ritonavir 200/50mg [Aluvia], tablets, 120 Tabs",Lopinavir/Ritonavir,Aluvia,200/50mg,Tablet,120,17030,574592.2,33.74,0.28,ABBVIE Ludwigshafen Germany,Yes,3508,1698.83,948.08
82627,109-TZ-T30,FPQ-12587,SO-45998,DN-3505,Tanzania,PMO - US,From RDC,N/A - From RDC,Truck,7/4/13,N/A - From RDC,31-Jan-14,19-Feb-14,24-Feb-14,ARV,Adult,SCMS from RDC,"Lopinavir/Ritonavir 200/50mg [Aluvia], tablets, 120 Tabs",Lopinavir/Ritonavir,Aluvia,200/50mg,Tablet,120,909,17743.68,19.52,0.16,ABBVIE Ludwigshafen Germany,Yes,8820,3541.59,21.95
86483,113-ZW-T30,FPQ-8464,SO-40883,DN-2693,Zimbabwe,PMO - US,From RDC,N/A - From RDC,Truck,10/4/11,N/A - From RDC,14-Aug-12,27-Jun-12,27-Jun-12,ARV,Adult,SCMS from RDC,"Nevirapine 200mg, tablets, 60 Tabs",Nevirapine,Generic,200mg,Tablet,60,49037,119650.28,2.44,0.04,Hetero Unit III Hyderabad IN,No,See DN-2693 (ID#:82481),See DN-2693 (ID#:82481),197.42
35637,116-ZA-T30,FPQ-13973,SCMS-238552,ASN-27606,South Africa,PMO - US,Direct Drop,DDP,Truck,4/30/14,8/5/14,5-Aug-14,5-Aug-14,5-Aug-14,ARV,Adult,PHARMACY DIRECT,"Didanosine 400mg, delayed-release capsules, 30 Caps",Didanosine,Generic,400mg,Delayed-release capsules,30,1,19.68,19.68,0.66,"Aurobindo Unit III, India",No,Weight Captured Separately,Freight Included in Commodity Cost,0.02
6962,111-MZ-T01,Pre-PQ Process,SCMS-18060,ASN-1650,Mozambique,PMO - US,Direct Drop,EXW,Air,Pre-PQ Process,2/25/08,13-Jun-08,27-May-08,27-May-08,HRDT,HIV test,"Orgenics, Ltd","HIV 1/2, Determine HIV Kit, without Lancets, 100 Tests","HIV 1/2, Determine HIV Kit, without Lancets",Determine,,Test kit,100,4200,302358.0,71.99,0.72,Inverness Japan,Yes,965,7781.88,483.77
83576,111-MZ-T30,FPQ-8157,SO-40381,DN-2590,Mozambique,PMO - US,From RDC,N/A - From RDC,Truck,8/4/11,N/A - From RDC,7-May-12,24-May-12,24-May-12,ARV,Adult,SCMS from RDC,"Lamivudine/Nevirapine/Zidovudine 150/200/300mg, tablets, 60 Tabs",Lamivudine/Nevirapine/Zidovudine,Generic,150/300/200mg,Tablet - FDC,60,20000,224400.0,11.22,0.19,Mylan (formerly Matrix) Nashik,No,See DN-2590 (ID#:83019),See DN-2590 (ID#:83019),370.26
86523,110-ZM-T30,FPQ-9773,SO-41993,DN-2884,Zambia,PMO - US,From RDC,N/A - From RDC,Truck,4/27/12,N/A - From RDC,31-Oct-12,19-Oct-12,19-Oct-12,ARV,Adult,SCMS from RDC,"Nevirapine 200mg, tablets, 60 Tabs",Nevirapine,Generic,200mg,Tablet,60,45531,111095.64,2.44,0.04,Hetero Unit III Hyderabad IN,No,See DN-2884 (ID#:85312),See DN-2884 (ID#:85312),155.76
42195,116-ZA-T30,FPQ-11828,SCMS-183950,ASN-19166,South Africa,South Africa Field Office,Direct Drop,DDP,Truck,3/18/13,Date Not Captured,16-Apr-13,16-Apr-13,16-Apr-13,ARV,Adult,S. BUYS WHOLESALER,"Tenofovir Disoproxil Fumarate 300mg, tablets, 30 Tabs",Tenofovir Disoproxil Fumarate,Generic,300mg,Tablet,30,6304,129614.89,20.56,0.69,"Cipla, Goa, India",No,Weight Captured Separately,Freight Included in Commodity Cost,160.33
46556,116-ZA-T30,FPQ-15269,SCMS-267020,ASN-29764,South Africa,PMO - US,Direct Drop,DDP,Truck,10/29/14,12/10/14,10-Dec-14,10-Dec-14,10-Dec-14,ARV,Pediatric,S. BUYS WHOLESALER,"Lopinavir/Ritonavir 100/25mg [Aluvia], tablets, 60 Tabs",Lopinavir/Ritonavir,Generic,100/25mg,Tablet,60,2,10.34,5.17,0.09,ABBVIE Ludwigshafen Germany,No,Weight Captured Separately,Freight Included in Commodity Cost,0.01
1957,108-VN-T01,Pre-PQ Process,SCMS-27380,ASN-2873,Vietnam,PMO - US,Direct Drop,EXW,Air,Pre-PQ Process,7/24/08,3-Dec-08,3-Dec-08,3-Dec-08,ARV,Adult,CIPLA LIMITED,"Lamivudine/Nevirapine/Stavudine 150/200/30mg, tablets, 60 Tabs",Lamivudine/Nevirapine/Stavudine,Generic,150/200/30mg,Tablet - FDC,60,3648,26448.0,7.25,0.12,"Cipla, Goa, India",Yes,323,2335.19,51.84
25706,106-HT-T30,FPQ-12538,SCMS-198150,ASN-21072,Haiti,PMO - US,Direct Drop,EXW,Air,6/25/13,7/22/13,30-Aug-13,30-Aug-13,30-Aug-13,ARV,Adult,MYLAN LABORATORIES LTD (FORMERLY MATRIX LABORATORIES),"Atazanavir/Ritonavir 300/100mg, tablets, 30 Tabs",Atazanavir/Ritonavir,Generic,300/100mg,Tablet,30,4816,96320.0,20.0,0.67,Mylan (formerly Matrix) Nashik,Yes,647,4444.33,119.15
82528,111-MZ-T30,FPQ-10210,SO-42830,DN-2939,Mozambique,PMO - US,From RDC,N/A - From RDC,Truck,6/28/12,N/A - From RDC,11-Jan-13,11-Jan-13,11-Jan-13,ARV,Adult,SCMS from RDC,"Lamivudine/Nevirapine/Zidovudine 150/200/300mg, tablets, 60 Tabs",Lamivudine/Nevirapine/Zidovudine,Generic,150/300/200mg,Tablet - FDC,60,97516,945905.2,9.7,0.16,Hetero Unit III Hyderabad IN,Yes,12104,7433.02,1326.16
12633,110-ZM-T01,Pre-PQ Process,SO-478,DN-99,Zambia,PMO - US,From RDC,N/A - From RDC,,Pre-PQ Process,N/A - From RDC,26-Apr-07,26-Apr-07,26-Apr-07,ARV,Pediatric,SCMS from RDC,"Efavirenz 50mg [Stocrin/Sustiva], capsule, 30 Caps",Efavirenz,Stocrin/Sustiva,50mg,Capsule,30,1030,3574.1,3.47,0.12,"MSD Manati, Puerto Rico, (USA)",Yes,48,574.56,
71809,116-ZA-T30,FPQ-12522,SCMS-199289,ASN-28034,South Africa,PMO - US,Direct Drop,DDP,Truck,7/11/13,8/29/14,29-Aug-14,29-Aug-14,29-Aug-14,ARV,Adult,S. BUYS WHOLESALER,"Lamivudine 150mg, tablets, 60 Tabs",Lamivudine,Generic,150mg,Tablet,60,592,5776.17,9.76,0.16,Hetero Unit III Hyderabad IN,No,Weight Captured Separately,Freight Included in Commodity Cost,7.15
75345,104-CI-T30,FPQ-3967,SCMS-52600,ASN-5061,Côte d'Ivoire,PMO - US,Direct Drop,FCA,Air,8/21/09,9/11/09,23-Oct-09,23-Oct-09,23-Oct-09,ARV,Adult,ABBVIE LOGISTICS (FORMERLY ABBOTT LOGISTICS BV),"Lopinavir/Ritonavir 200/50mg [Aluvia], tablets, 120 Tabs",Lopinavir/Ritonavir,Aluvia,200/50mg,Tablet,120,12560,454169.6,36.16,0.3,ABBVIE Ludwigshafen Germany,Yes,3080,18459.58,890.17
11698,111-MZ-T01,Pre-PQ Process,SO-323,DN-15,Mozambique,PMO - US,From RDC,N/A - From RDC,Air,Pre-PQ Process,N/A - From RDC,1-Feb-07,1-Feb-07,1-Feb-07,ARV,Adult,SCMS from RDC,"Stavudine 15mg, capsules, 60 Caps",Stavudine,Generic,15mg,Capsule,60,3287,7724.45,2.35,0.04,"Aurobindo Unit III, India",No,See DN-15 (ID#:10804),See DN-15 (ID#:10804),
11205,104-CI-T01,Pre-PQ Process,SO-1298,DN-451,Côte d'Ivoire,PMO - US,From RDC,N/A - From RDC,Air,Pre-PQ Process,N/A - From RDC,17-Jan-08,17-Jan-08,17-Jan-08,ARV,Adult,SCMS from RDC,"Lopinavir/Ritonavir 200/50mg [Aluvia], tablets, 120 Tabs",Lopinavir/Ritonavir,Aluvia,200/50mg,Tablet,120,993,40812.3,41.1,0.34,ABBVIE (Abbott) Logis. UK,Yes,217,3499.1,65.3
84583,104-CI-T30,FPQ-5201,SO-36311,DN-1982,Côte d'Ivoire,PMO - US,From RDC,N/A - From RDC,Air,3/3/10,N/A - From RDC,23-Aug-10,23-Aug-10,23-Aug-10,ARV,Adult,SCMS from RDC,"Zidovudine 300mg, tablets, 60 Tabs",Zidovudine,Generic,300mg,Tablet,60,12060,86952.6,7.21,0.12,"Aurobindo Unit III, India",No,See DN-1982 (ID#:82910),See DN-1982 (ID#:82910),187.47
10680,102-KE-T01,Pre-PQ Process,SO-1720,DN-830,Kenya,PMO - US,From RDC,N/A - From RDC,Truck,Pre-PQ Process,N/A - From RDC,30-May-08,30-May-08,30-May-08,HRDT,HIV test,SCMS from RDC,"HIV, Bioline HIV 1/2 3.0 Kit, [DON] 25 Tests","HIV, Bioline HIV 1/2 3.0 Kit",Bioline,,Test kit,25,997,9.97,0.01,0.0,"Standard Diagnostics, Korea",Yes,399,417.42,0.02
83575,105-GY-T30,FPQ-8620,SO-41010,DN-2576,Guyana,PMO - US,From RDC,N/A - From RDC,Air,10/27/11,N/A - From RDC,30-Mar-12,19-Mar-12,19-Mar-12,ARV,Adult,SCMS from RDC,"Abacavir 300mg, tablets, 60 Tabs",Abacavir,Generic,300mg,Tablet,60,127,1858.01,14.63,0.24,Mylan (formerly Matrix) Nashik,Yes,25,211,2.6
37410,116-ZA-T30,FPQ-13035,SCMS-215370,ASN-24415,South Africa,PMO - US,Direct Drop,DDP,Truck,10/8/13,12/2/13,6-Feb-14,6-Feb-14,6-Feb-14,ARV,Adult,S. BUYS WHOLESALER,"Abacavir 300mg, tablets, 60 Tabs",Abacavir,Generic,300mg,Tablet,60,97,6627.47,68.32,1.14,"Aurobindo Unit III, India",No,Weight Captured Separately,Freight Included in Commodity Cost,8.2
72914,901-NA-T30,FPQ-14728,SCMS-252640,ASN-28483,Namibia,PMO - US,Direct Drop,EXW,Air,7/30/14,8/14/14,22-Oct-14,22-Oct-14,22-Oct-14,ARV,Adult,HETERO LABS LIMITED,"Lamivudine/Tenofovir Disoproxil Fumarate 300/300mg, tablets, 30 Tabs",Lamivudine/Tenofovir Disoproxil Fumarate,Generic,300/300mg,Tablet - FDC,30,23322,107747.64,4.62,0.15,Hetero Unit III Hyderabad IN,Yes,2637,13397.02,110.76
11248,110-ZM-T01,Pre-PQ Process,SO-1893,DN-777,Zambia,PMO - US,From RDC,N/A - From RDC,Truck,Pre-PQ Process,N/A - From RDC,19-Jun-08,19-Jun-08,19-Jun-08,ARV,Adult,SCMS from RDC,"Efavirenz 600mg, tablets, 30 Tabs",Efavirenz,Generic,600mg,Tablet,30,50000,600500.0,12.01,0.4,Mylan (formerly Matrix) Nashik,Yes,3422,5936.99,960.8
22516,116-ZA-T30,FPQ-12522,SCMS-199283,ASN-27978,South Africa,PMO - US,Direct Drop,DDP,Truck,7/11/13,8/27/14,27-Aug-14,27-Aug-14,27-Aug-14,ARV,Pediatric,S. BUYS WHOLESALER,"Lamivudine 10mg/ml, oral solution w/syringe, Bottle, 240 ml",Lamivudine,Generic,10mg/ml,Oral solution,240,13,103.95,8.0,0.03,"Aurobindo Unit III, India",No,Weight Captured Separately,Freight Included in Commodity Cost,0.13
27664,901-GH-T30,FPQ-14101,SCMS-245430,ASN-28552,Ghana,PMO - US,Direct Drop,EXW,Air,4/30/14,7/8/14,3-Nov-14,3-Nov-14,12-Nov-14,ARV,Adult,HETERO LABS LIMITED,"Lamivudine/Tenofovir Disoproxil Fumarate 300/300mg, tablets, 30 Tabs",Lamivudine/Tenofovir Disoproxil Fumarate,Generic,300/300mg,Tablet - FDC,30,45632,210819.84,4.62,0.15,Hetero Unit III Hyderabad IN,Yes,4539,22271.36,216.72
12694,114-UG-T01,Pre-PQ Process,SO-1081,DN-363,Uganda,PMO - US,From RDC,N/A - From RDC,,Pre-PQ Process,N/A - From RDC,16-Oct-07,16-Oct-07,16-Oct-07,ARV,Adult,SCMS from RDC,"Lamivudine/Zidovudine 150/300mg, tablets, 60 Tabs",Lamivudine/Zidovudine,Generic,150/300mg,Tablet - FDC,60,1350,12825.0,9.5,0.16,"Aurobindo Unit III, India",Yes,80,739,20.52
11616,114-UG-T01,Pre-PQ Process,SO-17820,DN-985,Uganda,PMO - US,From RDC,N/A - From RDC,Air,Pre-PQ Process,N/A - From RDC,9-Jan-09,9-Jan-09,9-Jan-09,ARV,Adult,SCMS from RDC,"Lamivudine/Nevirapine/Stavudine 150/200/30mg, tablets, 60 Tabs",Lamivudine/Nevirapine/Stavudine,Generic,150/200/30mg,Tablet - FDC,60,3374,24292.8,7.2,0.12,"Strides, Bangalore, India.",Yes,250,2331.03,47.61
10587,119-NA-T01,Pre-PQ Process,SO-884,DN-322,Namibia,PMO - US,From RDC,N/A - From RDC,,Pre-PQ Process,N/A - From RDC,7-Sep-07,7-Sep-07,7-Sep-07,HRDT,HIV test,SCMS from RDC,"HIV 1/2, Uni-Gold HIV Kit, 20 Tests","HIV 1/2, Uni-Gold HIV Kit",Uni-Gold,,Test kit,20,300,9600.0,32.0,1.6,"Trinity Biotech, Plc",Yes,172,688.84,15.36
19105,107-RW-T30,FPQ-8741,SCMS-129760,ASN-15231,Rwanda,PMO - US,Direct Drop,EXW,Air,11/30/11,3/9/12,22-Jun-12,22-Jun-12,22-Jun-12,ARV,Pediatric,CIPLA LIMITED,"Abacavir 20mg/ml, oral solution, Bottle, 240 ml",Abacavir,Generic,20mg/ml,Oral solution,240,4534,38539.0,8.5,0.04,"Cipla, Goa, India",Yes,1631,13116.57,54.03
12841,117-ET-T01,Pre-PQ Process,SO-21350,DN-1037,Ethiopia,PMO - US,From RDC,N/A - From RDC,Air,Pre-PQ Process,N/A - From RDC,19-Dec-08,19-Dec-08,19-Dec-08,ARV,Pediatric,SCMS from RDC,"Lamivudine 10mg/ml, oral solution, Bottle, 240 ml",Lamivudine,Generic,10mg/ml,Oral solution,240,2005,3809.5,1.9,0.01,"Aurobindo Unit III, India",Yes,692,4983.22,7.47
84264,111-MZ-T30,FPQ-10211,SO-42861,DN-3180,Mozambique,PMO - US,From RDC,N/A - From RDC,Truck,6/28/12,N/A - From RDC,28-Jun-13,10-Jul-13,10-Jul-13,ARV,Adult,SCMS from RDC,"Efavirenz/Lamivudine/Tenofovir Disoproxil Fumarate 600/300/300mg, tablets, 30 Tabs",Efavirenz/Lamivudine/Tenofovir Disoproxil Fumarate,Generic,600/300/300mg,Tablet - FDC,30,66956,704377.12,10.52,0.35,Mylan (formerly Matrix) Nashik,Yes,5810,13649.6,987.54
38480,108-VN-T30,FPQ-11418,SCMS-176230,ASN-19651,Vietnam,PMO - US,Direct Drop,EXW,Air,1/29/13,2/5/13,21-Jun-13,21-Jun-13,21-Jun-13,ARV,Adult,MICRO LABS LIMITED,"Efavirenz 600mg, tablets, 30 Tabs",Efavirenz,Generic,600mg,Tablet,30,7882,25458.86,3.23,0.11,"Micro labs, Verna, Goa, India",Yes,472,6969.97,31.49
29479,108-VN-T30,FPQ-14516,SCMS-249041,ASN-29769,Vietnam,PMO - US,Direct Drop,EXW,Air,7/9/14,11/24/14,5-Feb-15,5-Feb-15,24-Feb-15,ARV,Adult,MYLAN LABORATORIES LTD (FORMERLY MATRIX LABORATORIES),"Abacavir 300mg, tablets, 60 Tabs",Abacavir,Generic,300mg,Tablet,60,900,9981.0,11.09,0.18,Mylan (formerly Matrix) Nashik,Yes,100,2504.65,10.26
11391,104-CI-T01,Pre-PQ Process,SO-519,DN-199,Côte d'Ivoire,PMO - US,From RDC,N/A - From RDC,,Pre-PQ Process,N/A - From RDC,5-Jul-07,5-Jul-07,5-Jul-07,ARV,Pediatric,SCMS from RDC,"Zidovudine 10mg/ml, oral solution, Bottle, 240 ml",Zidovudine,Generic,10mg/ml,Oral solution,240,4316,17048.2,3.95,0.02,"Aurobindo Unit III, India",Yes,6634,15561,27.28
72300,106-HT-T30,FPQ-9066,SCMS-138560,ASN-14157,Haiti,PMO - US,Direct Drop,FCA,Air,1/6/12,2/24/12,27-Mar-12,27-Mar-12,27-Mar-12,ARV,Pediatric,ABBVIE LOGISTICS (FORMERLY ABBOTT LOGISTICS BV),"Lopinavir/Ritonavir 100/25mg [Aluvia], tablets, 60 Tabs",Lopinavir/Ritonavir,Generic,100/25mg,Tablet,60,360,2775.6,7.71,0.13,ABBVIE Ludwigshafen Germany,Yes,46,984.39,3.89
51148,108-VN-T30,FPQ-6384,SCMS-87730,ASN-9118,Vietnam,PMO - US,Direct Drop,EXW,Air,9/30/10,10/15/10,22-Dec-10,22-Dec-10,22-Dec-10,ARV,Adult,STRIDES ARCOLAB LIMITED,"Lamivudine/Nevirapine/Zidovudine 150/200/300mg, tablets, 60 Tabs",Lamivudine/Nevirapine/Zidovudine,Generic,150/300/200mg,Tablet - FDC,60,25000,275000.0,11.0,0.18,"Strides, Bangalore, India.",No,See ASN-9118 (ID#:42125),See ASN-9118 (ID#:42125),592.9
42030,105-SS-T30,FPQ-15569,SCMS-272140,ASN-31129,South Sudan,PMO - US,Direct Drop,EXW,Air,12/29/14,2/20/15,8-May-15,8-May-15,11-May-15,HRDT,HIV test,"Trinity Biotech, Plc","HIV 1/2, Uni-Gold HIV Kit, 20 Tests","HIV 1/2, Uni-Gold HIV Kit",Uni-Gold,,Test kit,20,18,576.0,32.0,1.6,"Trinity Biotech, Plc",No,See ASN-31129 (ID#:40205),See ASN-31129 (ID#:40205),0.68
49765,101-CD-T30,FPQ-16001,SCMS-280210,ASN-31750,"Congo, DRC",PMO - US,Direct Drop,EXW,Air,3/10/15,3/16/15,2-Jul-15,2-Jul-15,30-Jul-15,HRDT,HIV test,"Trinity Biotech, Plc","HIV 1/2, Uni-Gold HIV Kit, 20 Tests","HIV 1/2, Uni-Gold HIV Kit",Uni-Gold,,Test kit,20,9,288.0,32.0,1.6,"Trinity Biotech, Plc",No,See ASN-31750 (ID#:19272),See ASN-31750 (ID#:19272),0.34
75799,105-GH-T30,FPQ-13809,SCMS-234050,ASN-26436,Ghana,PMO - US,Direct Drop,EXW,Air,3/7/14,4/14/14,24-Jul-14,24-Jul-14,31-Jul-14,ARV,Adult,Aurobindo Pharma Limited,"Lopinavir/Ritonavir 200/50mg, tablets, 120 Tabs",Lopinavir/Ritonavir,Generic,200/50mg,Tablet,120,3393,73967.4,21.8,0.18,"Aurobindo Unit III, India",Yes,915,6006.37,76.04
75177,116-ZA-T30,FPQ-12522,SCMS-199288,ASN-27198,South Africa,PMO - US,Direct Drop,DDP,Truck,7/11/13,7/10/14,10-Jul-14,10-Jul-14,10-Jul-14,ARV,Pediatric,S. BUYS WHOLESALER,"Lopinavir/Ritonavir 80/20mg/ml [Kaletra], oral solution, cool, Bottle 5 x 60 ml",Lopinavir/Ritonavir,Kaletra,80/20mg/ml,Oral solution,300,4,93.81,23.45,0.08,ABBVIE (Abbott) Logis. UK,Yes,Weight Captured Separately,Freight Included in Commodity Cost,0.12
83570,104-CI-T30,FPQ-8295,SO-40751,DN-2554,Côte d'Ivoire,PMO - US,From RDC,N/A - From RDC,Truck,8/25/11,N/A - From RDC,12-Mar-12,24-Feb-12,24-Feb-12,ARV,Adult,SCMS from RDC,"Efavirenz/Emtricitabine/Tenofovir Disoproxil Fumarate 600/200/300mg, tablets, 30 Tabs",Efavirenz/Emtricitabine/Tenofovir Disoproxil Fumarate,Generic,600/200/300mg,Tablet - FDC,30,8922,149265.06,16.73,0.56,Mylan (formerly Matrix) Nashik,Yes,973,4466.99,246.29
84000,151-NG-T30,FPQ-4537,SO-36002,DN-1814,Nigeria,PMO - US,From RDC,N/A - From RDC,Air Charter,11/6/09,N/A - From RDC,31-May-10,18-May-10,18-May-10,ARV,Adult,SCMS from RDC,"Nevirapine 200mg, tablets, 60 Tabs",Nevirapine,Generic,200mg,Tablet,60,46001,122362.66,2.66,0.04,"Strides, Bangalore, India.",Yes,2526,9736.1,263.81
52228,107-RW-T30,FPQ-12409,SCMS-193930,ASN-22289,Rwanda,PMO - US,Direct Drop,CIP,Air,5/31/13,6/13/13,19-Oct-13,19-Oct-13,22-Oct-13,ARV,Adult,MERCK SHARP & DOHME IDEA GMBH (FORMALLY MERCK SHARP & DOHME B.V.),"Indinavir 400mg [Crixivan], capsules, 180 Caps",Indinavir,Crixivan,400mg,Capsule,180,36,1800.0,50.0,0.28,"MSD, Haarlem, NL",Yes,Weight Captured Separately,Freight Included in Commodity Cost,2.23
82653,111-MZ-T30,FPQ-12416,SO-45890,DN-3553,Mozambique,PMO - US,From RDC,N/A - From RDC,Truck,6/28/13,N/A - From RDC,3-Jun-14,3-Jun-14,11-Jun-14,ARV,Adult,SCMS from RDC,"Abacavir 300mg, tablets, 60 Tabs",Abacavir,Generic,300mg,Tablet,60,10000,113600.0,11.36,0.19,Mylan (formerly Matrix) Nashik,Yes,3118,4768.06,140.52
530,108-VN-T01,Pre-PQ Process,SCMS-23450,ASN-2336,Vietnam,PMO - US,Direct Drop,EXW,Air,Pre-PQ Process,5/14/08,19-Sep-08,19-Sep-08,19-Sep-08,ARV,Adult,MYLAN LABORATORIES LTD (FORMERLY MATRIX LABORATORIES),"Tenofovir Disoproxil Fumarate 300mg, tablets, 30 Tabs",Tenofovir Disoproxil Fumarate,Generic,300mg,Tablet,30,1344,18359.04,13.66,0.46,Mylan (formerly Matrix) Nashik,Yes,1537,13507.92,29.37
48102,116-ZA-T30,FPQ-14942,SCMS-295800,ASN-33864,South Africa,PMO - US,Direct Drop,DDP,Truck,9/11/14,8/24/15,24-Aug-15,24-Aug-15,24-Aug-15,ARV,Adult,PHARMACY DIRECT,"Darunavir 600mg [Prezista], tablets, 60 Tabs",Darunavir,Prezista,600mg,Tablet,60,18,911.9,50.66,0.84,"Janssen-Cilag, Latina, IT",Yes,Weight Captured Separately,Freight Included in Commodity Cost,0.94
63719,200-UG-T30,FPQ-14628,SCMS-253240,ASN-28591,Uganda,PMO - US,Direct Drop,EXW,Air,7/23/14,9/4/14,14-Oct-14,14-Oct-14,15-Oct-14,HRDT,HIV test,"CHEMBIO DIAGNOSTIC SYSTEMS, INC.","HIV 1/2, Stat-Pak Dipstick Assay Kit, 30 Tests","HIV 1/2, Stat-Pak Dipstick Assay Kit",Stat-Pak,,Test kit,30,800,22080.0,27.6,0.92,Chembio Diagnostics Sys. Inc.,Yes,86,798.43,22.7
31670,161-ZA-T30,FPQ-6262,SCMS-83790,ASN-9477,South Africa,PMO - US,Direct Drop,DDP,Ocean,8/31/10,9/24/10,1-Feb-11,10-Mar-11,10-Mar-11,ARV,Pediatric,Aurobindo Pharma Limited,"Efavirenz 200mg, capsule, 90 Caps",Efavirenz,Generic,200mg,Capsule,90,19214,191755.72,9.98,0.11,"Aurobindo Unit III, India",No,See ASN-9477 (ID#:26879),See ASN-9477 (ID#:26879),413.43
10878,117-ET-T01,Pre-PQ Process,SO-914,DN-332,Ethiopia,PMO - US,From RDC,N/A - From RDC,,Pre-PQ Process,N/A - From RDC,4-Sep-07,4-Sep-07,4-Sep-07,ARV,Pediatric,SCMS from RDC,"Zidovudine 10mg/ml, oral solution, Bottle, 240 ml",Zidovudine,Generic,10mg/ml,Oral solution,240,13850,29777.5,2.15,0.01,"Aurobindo Unit III, India",No,See DN-332 (ID#:10613),See DN-332 (ID#:10613),47.64
11188,110-ZM-T01,Pre-PQ Process,SO-572,DN-388,Zambia,PMO - US,From RDC,N/A - From RDC,,Pre-PQ Process,N/A - From RDC,9-Nov-07,9-Nov-07,9-Nov-07,ARV,Adult,SCMS from RDC,"Nevirapine 200mg, tablets, 60 Tabs",Nevirapine,Generic,200mg,Tablet,60,52864,188724.48,3.57,0.06,"Aurobindo Unit III, India",Yes,5989,19590.04,301.96
82361,104-CI-T30,FPQ-5925,SO-37660,DN-2071,Côte d'Ivoire,PMO - US,From RDC,N/A - From RDC,Air,6/23/10,N/A - From RDC,14-Dec-10,15-Dec-10,15-Dec-10,ARV,Pediatric,SCMS from RDC,"Nevirapine 10mg/ml, oral suspension w/syringe, Bottle, 240 ml",Nevirapine,Generic,10mg/ml,Oral suspension,240,628,1224.6,1.95,0.01,"Aurobindo Unit III, India",Yes,232,1794.58,2.64
12516,109-TZ-T01,Pre-PQ Process,SO-2564,DN-751,Tanzania,PMO - US,From RDC,N/A - From RDC,Air,Pre-PQ Process,N/A - From RDC,1-Jul-08,1-Jul-08,1-Jul-08,ARV,Adult,SCMS from RDC,"Stavudine 30mg, capsules, 60 Caps",Stavudine,Generic,30mg,Capsule,60,75318,114483.36,1.52,0.03,"Aurobindo Unit III, India",Yes,5040,22965.4,183.17
12215,104-CI-T01,Pre-PQ Process,SO-16210,DN-1047,Côte d'Ivoire,PMO - US,From RDC,N/A - From RDC,Air,Pre-PQ Process,N/A - From RDC,19-Jan-09,19-Jan-09,19-Jan-09,ARV,Adult,SCMS from RDC,"Lamivudine/Nevirapine/Zidovudine 150/200/300mg, tablets, 60 Tabs",Lamivudine/Nevirapine/Zidovudine,Generic,150/300/200mg,Tablet - FDC,60,10000,118000.0,11.8,0.2,"Aurobindo Unit III, India",Yes,1456,5048.32,231.28
85104,151-NG-T30,FPQ-4537,SO-34916,DN-1779,Nigeria,PMO - US,From RDC,N/A - From RDC,Air Charter,11/6/09,N/A - From RDC,31-May-10,18-May-10,18-May-10,ARV,Adult,SCMS from RDC,"Efavirenz 600mg, tablets, 30 Tabs",Efavirenz,Generic,600mg,Tablet,30,3500,16625.0,4.75,0.16,"Aurobindo Unit III, India",Yes,309,9736.1,35.84
80090,133-NG-T30,FPQ-10349,SCMS-155321,ASN-17165,Nigeria,PMO - US,Direct Drop,EXW,Air,7/17/12,8/13/12,28-Nov-12,28-Nov-12,28-Nov-12,HRDT,HIV test,"Orgenics, Ltd","HIV 1/2, Determine Complete HIV Kit, 100 Tests","HIV 1/2, Determine Complete HIV Kit",Determine,,Test kit,100,1139,101371.0,89.0,0.89,"Alere Medical Co., Ltd.",Yes,542,13117.86,142.12
22357,107-RW-T30,FPQ-15065,SCMS-263330,ASN-30485,Rwanda,PMO - US,Direct Drop,EXW,Air,10/15/14,12/18/14,18-Feb-15,18-Feb-15,19-Feb-15,HRDT,HIV test,"SHANGHAI KEHUA BIOENGINEERING CO.,LTD.  (KHB)","HIV 1/2, SKB Colloidal Gold, Diagnostic Kit, Antibody, 50 Tests","HIV 1/2, Colloidal Gold, Diagnostic Kit, Antibody",Colloidal Gold,,Test kit,1,4032,98784.0,24.5,24.5,"KHB Test Kit Facility, Shanghai China",Yes,2688,35437.38,101.55
2647,104-CI-T01,Pre-PQ Process,SCMS-28,ASN-16,Côte d'Ivoire,PMO - US,Direct Drop,EXW,Air,Pre-PQ Process,Date Not Captured,6-Sep-06,6-Sep-06,6-Sep-06,HRDT,HIV test,BIO-RAD LABORATORIES (FRANCE),"#108853** HIV, Genie II HIV-1/HIV-2 Kit, 40 Tests","HIV, Genie II HIV-1/HIV-2 Kit",Genie,,Test kit,40,100,7535.0,75.35,1.88,Bio-Rad Laboratories,Yes,107,1845.74,
11745,110-ZM-T01,Pre-PQ Process,SO-315,DN-228,Zambia,PMO - US,From RDC,N/A - From RDC,,Pre-PQ Process,N/A - From RDC,9-Jul-07,9-Jul-07,9-Jul-07,ARV,Adult,SCMS from RDC,"Emtricitabine/Tenofovir Disoproxil Fumarate 200/300mg [Truvada], tablets, 30 Tabs",Emtricitabine/Tenofovir Disoproxil Fumarate,Truvada,300/200mg,Tablet - FDC,30,12000,315000.0,26.25,0.88,Gilead(Nycomed) Oranienburg DE,Yes,1005,4407.26,504.0
85123,114-UG-T30,FPQ-5239,SO-36132,DN-1858,Uganda,PMO - US,From RDC,N/A - From RDC,Air,3/2/10,N/A - From RDC,30-Jun-10,15-Jun-10,15-Jun-10,ARV,Adult,SCMS from RDC,"Nevirapine 200mg, tablets, 60 Tabs",Nevirapine,Generic,200mg,Tablet,60,2500,6825.0,2.73,0.05,"Strides, Bangalore, India.",Yes,132,3661.42,14.71
62879,100-DO-T30,FPQ-6083,SCMS-80890,ASN-7834,Dominican Republic,PMO - US,Direct Drop,EXW,Air,7/16/10,7/30/10,14-Sep-10,14-Sep-10,14-Sep-10,ARV,Adult,MYLAN LABORATORIES LTD (FORMERLY MATRIX LABORATORIES),"Tenofovir Disoproxil Fumarate 300mg, tablets, 30 Tabs",Tenofovir Disoproxil Fumarate,Generic,300mg,Tablet,30,2000,14000.0,7.0,0.23,Mylan (formerly Matrix) Nashik,Yes,111,1254.61,30.18
28802,117-ET-T30,FPQ-4716,SCMS-59510,ASN-5721,Ethiopia,PMO - US,Direct Drop,EXW,Air,12/9/09,12/10/09,24-Dec-09,24-Dec-09,24-Dec-09,ARV,Adult,Aurobindo Pharma Limited,"Lamivudine 150mg, tablets, 60 Tabs",Lamivudine,Generic,150mg,Tablet,60,15000,35700.0,2.38,0.04,"Aurobindo Unit III, India",Yes,780,2949.1,76.97
55764,119-NA-T30,FPQ-4857,SCMS-62730,ASN-6358,Namibia,PMO - US,Direct Drop,EXW,Air,1/7/10,1/8/10,29-Apr-10,29-Apr-10,29-Apr-10,HRDT,HIV test,"Trinity Biotech, Plc","HIV 1/2, Uni-Gold HIV Kit, 20 Tests","HIV 1/2, Uni-Gold HIV Kit",Uni-Gold,,Test kit,20,2000,64000.0,32.0,1.6,"Trinity Biotech, Plc",Yes,687,17918.72,137.98
12774,114-UG-T01,Pre-PQ Process,SO-1082,DN-589,Uganda,PMO - US,From RDC,N/A - From RDC,,Pre-PQ Process,N/A - From RDC,28-Feb-08,28-Feb-08,28-Feb-08,ARV,Adult,SCMS from RDC,"Nevirapine 200mg, tablets, 60 Tabs",Nevirapine,Generic,200mg,Tablet,60,328,1115.2,3.4,0.06,"Ranbaxy, Paonta Shahib, India",No,See DN-589 (ID#:10670),See DN-589 (ID#:10670),1.78
12473,113-ZW-T01,Pre-PQ Process,SO-1874,DN-803,Zimbabwe,PMO - US,From RDC,N/A - From RDC,Air,Pre-PQ Process,N/A - From RDC,1-Jul-08,1-Jul-08,1-Jul-08,HRDT,HIV test,SCMS from RDC,"HIV 1/2, Bioline 3.0 Kit, Lancets, Capillary pipets, Alcohol swabs included, 25 Tests","HIV 1/2, Bioline 3.0 Kit, Lancets, Capillary pipets, Alcohol swabs included",Bioline,,Test kit,25,9700,194000.0,20.0,0.8,"Standard Diagnostics, Korea",Yes,2907,12781.58,310.4
46095,106-HT-T30,FPQ-16100,SCMS-288830,ASN-33571,Haiti,PMO - US,Direct Drop,CIP,Air,3/30/15,5/22/15,26-Aug-15,26-Aug-15,27-Aug-15,ARV,Pediatric,"MSD LATIN AMERICA SERVICES, S. DE R.L. DE C.V.","Efavirenz 30mg/ml [Stocrin/Sustiva], oral solution, Bottle, 180 ml",Efavirenz,Stocrin/Sustiva,30mg/ml,Oral solution,180,420,7123.2,16.96,0.09,"MSD, Haarlem, NL",Yes,Weight Captured Separately,Freight Included in Commodity Cost,8.38
85944,106-HT-T30,FPQ-11281,SO-44400,DN-3015,Haiti,PMO - US,From RDC,N/A - From RDC,Air,1/16/13,N/A - From RDC,9-Apr-13,14-Mar-13,14-Mar-13,ARV,Pediatric,SCMS from RDC,"Zidovudine 10mg/ml, oral solution w/syringe, Bottle, 240 ml",Zidovudine,Generic,10mg/ml,Oral solution,240,1951,4097.1,2.1,0.01,"Aurobindo Unit III, India",No,See DN-3015 (ID#:82554),See DN-3015 (ID#:82554),5.07
74213,116-ZA-T30,FPQ-11828,SCMS-183950,ASN-19166,South Africa,South Africa Field Office,Direct Drop,DDP,Truck,3/18/13,Date Not Captured,16-Apr-13,16-Apr-13,16-Apr-13,ARV,Adult,S. BUYS WHOLESALER,"Abacavir 300mg, tablets, 60 Tabs",Abacavir,Generic,300mg,Tablet,60,537,14023.43,26.11,0.44,"Cipla, Patalganga, India",No,Weight Captured Separately,Freight Included in Commodity Cost,17.35
12608,111-MZ-T01,Pre-PQ Process,SO-32570,DN-1396,Mozambique,PMO - US,From RDC,N/A - From RDC,Truck,Date Not Captured,N/A - From RDC,7-Oct-09,7-Oct-09,7-Oct-09,ARV,Adult,SCMS from RDC,"Lamivudine/Stavudine 150/30mg, tablets, 60 Tabs",Lamivudine/Stavudine,Generic,150/30mg,Tablet - FDC,60,17500,68250.0,3.9,0.06,Mylan (formerly Matrix) Nashik,Yes,1292,1588.05,133.77
76144,111-MZ-T30,FPQ-15324,SCMS-264780,ASN-30261,Mozambique,PMO - US,Direct Drop,EXW,Air,11/12/14,11/19/14,10-Feb-15,10-Feb-15,18-Feb-15,HRDT,HIV test,"Orgenics, Ltd","HIV 1/2, Determine Kit without Lancets, Buffer or Caplillary Tubes, 100 Tests","HIV 1/2, Determine Kit without Lancets, Buffer or Capillary Tubes, 100 Tests",Determine,,Test kit,100,18,1298.7,72.15,0.72,"Alere Medical Co., Ltd.",No,See ASN-30261 (ID#:19627),See ASN-30261 (ID#:19627),1.53
63412,104-CI-T30,FPQ-9823,SCMS-147550,ASN-15640,Côte d'Ivoire,PMO - US,Direct Drop,EXW,Air,5/4/12,6/13/12,16-Aug-12,16-Aug-12,16-Aug-12,HRDT,HIV test,"CHEMBIO DIAGNOSTIC SYSTEMS, INC.","HIV 1/2, Stat-Pak HIV, Kit, 20 Tests","HIV 1/2, Stat-Pak HIV, Kit",Stat-Pak,,Test kit,20,2155,62495.0,29.0,1.45,Chembio Diagnostics Sys. Inc.,Yes,622,7727.12,87.62
10612,104-CI-T01,Pre-PQ Process,SO-843,DN-330,Côte d'Ivoire,PMO - US,From RDC,N/A - From RDC,,Pre-PQ Process,N/A - From RDC,4-Sep-07,4-Sep-07,4-Sep-07,ARV,Adult,SCMS from RDC,"Efavirenz 600mg, tablets, 30 Tabs",Efavirenz,Generic,600mg,Tablet,30,24265,394548.9,16.26,0.54,"Strides, Bangalore, India.",Yes,2518,6667,631.28
33962,106-HT-T30,FPQ-4337,SCMS-56120,ASN-5630,Haiti,PMO - US,Direct Drop,CIP,Air,10/13/09,11/6/09,21-Dec-09,21-Dec-09,21-Dec-09,ARV,Pediatric,BRISTOL-MYERS SQUIBB,"Didanosine 25mg [Videx], chewable tablets, 60 Tabs",Didanosine,Videx,25mg,Chewable/dispersible tablet,60,120,840.0,7.0,0.12,"BMS Meymac, France",Yes,29,260,1.65
11464,111-MZ-T01,Pre-PQ Process,SO-1110,DN-375,Mozambique,PMO - US,From RDC,N/A - From RDC,Air,Pre-PQ Process,N/A - From RDC,31-Oct-07,31-Oct-07,31-Oct-07,HRDT,HIV test,SCMS from RDC,"HIV 1/2, Determine Complete HIV Kit, 100 Tests","HIV 1/2, Determine Complete HIV Kit",Determine,,Test kit,100,4000,288000.0,72.0,0.72,ABBVIE GmbH & Co.KG Wiesbaden,Yes,2526,1871.05,460.8
53616,106-HT-T30,FPQ-11443,SCMS-180940,ASN-19819,Haiti,PMO - US,Direct Drop,EXW,Ocean,2/7/13,3/22/13,2-Sep-13,2-Sep-13,2-Sep-13,ARV,Pediatric,Aurobindo Pharma Limited,"Lamivudine 10mg/ml, oral solution w/syringe, Bottle, 240 ml",Lamivudine,Generic,10mg/ml,Oral solution,240,1932,2762.76,1.43,0.01,"Aurobindo Unit III, India",No,See ASN-19819 (ID#:13739),See ASN-19819 (ID#:13739),3.42
79361,116-ZA-T30,FPQ-12522,SCMS-199289,ASN-28036,South Africa,PMO - US,Direct Drop,DDP,Truck,7/11/13,8/29/14,29-Aug-14,29-Aug-14,29-Aug-14,ARV,Pediatric,S. BUYS WHOLESALER,"Efavirenz 200mg, capsule, 90 Caps",Efavirenz,Generic,200mg,Capsule,90,75,1952.27,26.03,0.29,"Aurobindo Unit III, India",No,Weight Captured Separately,Freight Included in Commodity Cost,2.41
86450,110-ZM-T30,FPQ-7667,SO-40240,DN-2515,Zambia,PMO - US,From RDC,N/A - From RDC,Truck,7/26/11,N/A - From RDC,29-Feb-12,17-Feb-12,17-Feb-12,ARV,Pediatric,SCMS from RDC,"Nevirapine 10mg/ml, oral suspension w/syringe, Bottle, 240 ml",Nevirapine,Generic,10mg/ml,Oral suspension,240,40126,78245.7,1.95,0.01,"Aurobindo Unit III, India",Yes,12360,11292.05,129.11
69314,111-MZ-T30,FPQ-13241,SCMS-226030,ASN-28449,Mozambique,PMO - US,Direct Drop,CIP,Air,11/18/13,3/14/14,21-Oct-14,21-Oct-14,12-Nov-14,ARV,Adult,MERCK SHARP & DOHME IDEA GMBH (FORMALLY MERCK SHARP & DOHME B.V.),"Raltegravir 400mg [Isentress], tablets, 60 Tabs",Raltegravir,Isentress,400mg,Tablet,60,100,5550.0,55.5,0.92,"MSD, Haarlem, NL",Yes,Weight Captured Separately,Freight Included in Commodity Cost,5.71
62400,107-RW-T30,FPQ-3859,SCMS-48860,ASN-7668,Rwanda,PMO - US,Direct Drop,CIP,Air,6/30/09,7/16/09,4-Aug-10,4-Aug-10,4-Aug-10,ARV,Adult,Aurobindo Pharma Limited,"Didanosine 400mg, delayed-release capsules, 30 Caps",Didanosine,Generic,400mg,Delayed-release capsules,30,559,12532.78,22.42,0.75,"Aurobindo Unit III, India",Yes,46,1127.95,24.56
86197,104-CI-T30,FPQ-14370,SO-49040,DN-4253,Côte d'Ivoire,PMO - US,From RDC,N/A - From RDC,Truck,5/23/14,N/A - From RDC,8-Jun-15,8-Jun-15,19-Jun-15,ARV,Adult,SCMS from RDC,"Lopinavir/Ritonavir 200/50mg, tablets, 120 Tabs",Lopinavir/Ritonavir,Generic,200/50mg,Tablet,120,5900,114224.0,19.36,0.16,Mylan (formerly Matrix) Nashik,No,See DN-4253 (ID#:83334),See DN-4253 (ID#:83334),117.42
82318,114-UG-T30,FPQ-4495,SO-34941,DN-1817,Uganda,PMO - US,From RDC,N/A - From RDC,Air,10/28/09,N/A - From RDC,3-May-10,3-May-10,3-May-10,ARV,Adult,SCMS from RDC,"Lamivudine/Nevirapine/Zidovudine 150/200/300mg, tablets, 60 Tabs",Lamivudine/Nevirapine/Zidovudine,Generic,150/300/200mg,Tablet - FDC,60,18000,201960.0,11.22,0.19,Mylan (formerly Matrix) Nashik,Yes,2281,15254.43,435.43
11261,130-NG-T01,Pre-PQ Process,SO-2501,DN-730,Nigeria,PMO - US,From RDC,N/A - From RDC,Air,Pre-PQ Process,N/A - From RDC,26-May-08,26-May-08,26-May-08,ARV,Adult,SCMS from RDC,"Lamivudine/Stavudine 150/30mg, tablets, 30 Tabs",Lamivudine/Stavudine,Generic,150/30mg,Tablet - FDC,30,1566,3132.0,2.0,0.07,"Cipla, Goa, India",No,See DN-730 (ID#:11260),See DN-730 (ID#:11260),5.01
85894,151-NG-T30,FPQ-9432,SO-42936,DN-2818,Nigeria,PMO - US,From RDC,N/A - From RDC,Air,3/1/12,N/A - From RDC,31-Aug-12,13-Aug-12,13-Aug-12,ARV,Adult,SCMS from RDC,"Nevirapine 200mg, tablets, 60 Tabs",Nevirapine,Generic,200mg,Tablet,60,53922,130491.24,2.42,0.04,"Strides, Bangalore, India.",Yes,9697,18461.22,182.95
83347,114-UG-T30,FPQ-15639,SO-50660,DN-4310,Uganda,PMO - US,From RDC,N/A - From RDC,Truck,12/22/14,N/A - From RDC,31-Jul-15,23-Jul-15,23-Jul-15,ARV,Adult,SCMS from RDC,"Lamivudine/Nevirapine/Zidovudine 150/200/300mg, tablets, 60 Tabs",Lamivudine/Nevirapine/Zidovudine,Generic,150/300/200mg,Tablet - FDC,60,88392,716859.12,8.11,0.14,"Cipla, Goa, India",No,See DN-4310 (ID#:82811),See DN-4310 (ID#:82811),843.74
10904,111-MZ-T01,Pre-PQ Process,SO-1038,DN-426,Mozambique,PMO - US,From RDC,N/A - From RDC,Air,Pre-PQ Process,N/A - From RDC,29-Nov-07,29-Nov-07,29-Nov-07,ARV,Pediatric,SCMS from RDC,"Stavudine 1mg/ml, powder for oral solution, 200 ml",Stavudine,Generic,1mg/ml,Oral solution,200,500,700.0,1.4,0.01,"Aurobindo Unit III, India",No,See DN-426 (ID#:10633),See DN-426 (ID#:10633),1.12
86679,101-CD-T30,FPQ-13554,SO-47631,DN-3654,"Congo, DRC",PMO - US,From RDC,N/A - From RDC,Air,1/15/14,N/A - From RDC,15-Aug-14,15-Aug-14,5-Sep-14,ARV,Adult,SCMS from RDC,"Zidovudine 300mg, tablets, 60 Tabs",Zidovudine,Generic,300mg,Tablet,60,3000,16500.0,5.5,0.09,Mylan (formerly Matrix) Nashik,No,See DN-3654 (ID#:84361),See DN-3654 (ID#:84361),16.96
38567,900-SS-T30,FPQ-10504,SCMS-157880,ASN-16852,South Sudan,PMO - US,Direct Drop,EXW,Air,8/15/12,8/21/12,13-Dec-12,13-Dec-12,13-Dec-12,HRDT,HIV test,"Orgenics, Ltd","HIV 1/2, Determine Complete HIV Kit, 100 Tests","HIV 1/2, Determine Complete HIV Kit",Determine,,Test kit,100,624,55536.0,89.0,0.89,"Alere Medical Co., Ltd.",No,See ASN-16852 (ID#:25990),See ASN-16852 (ID#:25990),77.86
11839,104-CI-T01,Pre-PQ Process,SO-1104,DN-569,Côte d'Ivoire,PMO - US,From RDC,N/A - From RDC,Air,Pre-PQ Process,N/A - From RDC,29-Jan-08,29-Jan-08,29-Jan-08,ARV,Adult,SCMS from RDC,"Lamivudine/Nevirapine/Stavudine 150/200/30mg, tablets, 60 Tabs",Lamivudine/Nevirapine/Stavudine,Generic,150/200/30mg,Tablet - FDC,60,22500,166500.0,7.4,0.12,"Cipla, Goa, India",No,See DN-569 (ID#:11224),See DN-569 (ID#:11224),266.4
4457,108-VN-T01,Pre-PQ Process,SCMS-23320,ASN-2275,Vietnam,PMO - US,Direct Drop,EXW,Air,Pre-PQ Process,5/13/08,19-Sep-08,19-Sep-08,19-Sep-08,ARV,Adult,Aurobindo Pharma Limited,"Nevirapine 200mg, tablets, 60 Tabs",Nevirapine,Generic,200mg,Tablet,60,2180,6997.8,3.21,0.05,"Aurobindo Unit III, India",Yes,242,5881.57,11.2
85855,151-NG-T30,FPQ-8952,SO-41253,DN-2647,Nigeria,PMO - US,From RDC,N/A - From RDC,Air Charter,12/8/11,N/A - From RDC,4-Jul-12,30-Apr-12,30-Apr-12,ARV,Adult,SCMS from RDC,"Nevirapine 200mg, tablets, 60 Tabs",Nevirapine,Generic,200mg,Tablet,60,87499,213497.56,2.44,0.04,"Aurobindo Unit III, India",Yes,9645,27441.22,299.32
84644,114-UG-T30,FPQ-7395,SO-39140,DN-2201,Uganda,PMO - US,From RDC,N/A - From RDC,Truck,3/11/11,N/A - From RDC,6-Jun-11,1-Jun-11,1-Jun-11,ARV,Adult,SCMS from RDC,"Lamivudine/Tenofovir Disoproxil Fumarate 300/300mg, tablets, 30 Tabs",Lamivudine/Tenofovir Disoproxil Fumarate,Generic,300/300mg,Tablet - FDC,30,2559,22570.38,8.82,0.29,Mylan (formerly Matrix) Nashik,Yes,338,3397.95,37.24
16053,108-VN-T30,FPQ-13034,SCMS-210120,ASN-24394,Vietnam,PMO - US,Direct Drop,EXW,Air,10/4/13,10/10/13,23-Apr-14,23-Apr-14,23-Apr-14,ARV,Adult,HETERO LABS LIMITED,"Lamivudine 150mg, tablets, 60 Tabs",Lamivudine,Generic,150mg,Tablet,60,14011,25920.35,1.85,0.03,Hetero Unit III Hyderabad IN,Yes,1953,3658.08,32.06
74439,133-NG-T30,FPQ-7634,SCMS-108740,ASN-11757,Nigeria,PMO - US,Direct Drop,EXW,Air,4/28/11,5/23/11,31-Aug-11,25-Aug-11,25-Aug-11,HRDT,HIV test,"Orgenics, Ltd","HIV 1/2, Determine Complete HIV Kit, 100 Tests","HIV 1/2, Determine Complete HIV Kit",Determine,,Test kit,100,2853,253917.0,89.0,0.89,Inverness Japan,Yes,1360,32499.11,418.96
12109,117-ET-T01,Pre-PQ Process,SO-914,DN-332,Ethiopia,PMO - US,From RDC,N/A - From RDC,,Pre-PQ Process,N/A - From RDC,4-Sep-07,4-Sep-07,4-Sep-07,ARV,Pediatric,SCMS from RDC,"Lamivudine 10mg/ml, oral solution, Bottle, 240 ml",Lamivudine,Generic,10mg/ml,Oral solution,240,11950,23541.5,1.97,0.01,"Aurobindo Unit III, India",No,See DN-332 (ID#:10613),See DN-332 (ID#:10613),37.67
86263,114-UG-T30,FPQ-4275,SO-35610,DN-1638,Uganda,PMO - US,From RDC,N/A - From RDC,Truck,9/17/09,N/A - From RDC,25-Feb-10,18-Feb-10,18-Feb-10,ARV,Adult,SCMS from RDC,"Lamivudine/Nevirapine/Zidovudine 150/200/300mg, tablets, 60 Tabs",Lamivudine/Nevirapine/Zidovudine,Generic,150/300/200mg,Tablet - FDC,60,29,325.38,11.22,0.19,"Aurobindo Unit III, India",No,See DN-1638 (ID#:84526),See DN-1638 (ID#:84526),0.64
43970,109-TZ-T30,FPQ-6203,SCMS-82770,ASN-8625,Tanzania,PMO - US,Direct Drop,EXW,Ocean,8/18/10,8/25/10,29-Dec-10,29-Dec-10,29-Dec-10,ARV,Adult,MYLAN LABORATORIES LTD (FORMERLY MATRIX LABORATORIES),"Efavirenz/Emtricitabine/Tenofovir Disoproxil Fumarate 600/200/300mg, tablets, 30 Tabs",Efavirenz/Emtricitabine/Tenofovir Disoproxil Fumarate,Generic,600/200/300mg,Tablet - FDC,30,53149,1057665.1,19.9,0.66,Mylan (formerly Matrix) Nashik,Yes,5803,27478.63,2280.33
85761,114-UG-T30,FPQ-7166,SO-39660,DN-2222,Uganda,PMO - US,From RDC,N/A - From RDC,Air,2/11/11,N/A - From RDC,15-Jun-11,31-May-11,31-May-11,ARV,Pediatric,SCMS from RDC,"Nevirapine 10mg/ml, oral suspension w/syringe, Bottle, 240 ml",Nevirapine,Generic,10mg/ml,Oral suspension,240,20000,39000.0,1.95,0.01,"Aurobindo Unit III, India",Yes,7464,4605.44,64.35
83844,114-UG-T30,FPQ-14396,SO-49000,DN-3908,Uganda,PMO - US,From RDC,N/A - From RDC,Truck,6/4/14,N/A - From RDC,30-Sep-14,17-Sep-14,18-Sep-14,ARV,Pediatric,SCMS from RDC,"Lamivudine/Nevirapine/Zidovudine 30/50/60mg, dispersible tablets, 60 Tabs",Lamivudine/Nevirapine/Zidovudine,Generic,30/50/60mg,Chewable/dispersible tablet - FDC,60,11553,43092.69,3.73,0.06,"Strides, Bangalore, India.",Yes,516,2042.9,44.3
22726,153-NA-T30,FPQ-8072,SCMS-117210,ASN-12115,Namibia,PMO - US,Direct Drop,EXW,Air,7/22/11,8/3/11,20-Sep-11,20-Sep-11,20-Sep-11,HRDT,HIV test,"Orgenics, Ltd","HIV 1/2, Determine HIV Kit, without Lancets, 100 Tests","HIV 1/2, Determine HIV Kit, without Lancets",Determine,,Test kit,100,150,11655.0,77.7,0.78,Inverness Japan,Yes,36,859.18,19.23
12798,112-NG-T01,Pre-PQ Process,SO-2356,DN-801,Nigeria,PMO - US,From RDC,N/A - From RDC,Air,Pre-PQ Process,N/A - From RDC,30-Jun-08,30-Jun-08,30-Jun-08,ARV,Adult,SCMS from RDC,"Tenofovir Disoproxil Fumarate 300mg [Viread], tablets, 30 Tabs",Tenofovir Disoproxil Fumarate,Viread,300mg,Tablet,30,48,816.0,17.0,0.57,"Aspen-OSD, Port Elizabeth, SA",Yes,4,213.75,1.31
83727,151-NG-T30,FPQ-11864,SO-44926,DN-3365,Nigeria,PMO - US,From RDC,N/A - From RDC,Air Charter,3/14/13,N/A - From RDC,31-Oct-13,14-Oct-13,24-Oct-13,ARV,Pediatric,SCMS from RDC,"Abacavir/Lamivudine 60/30mg, tablets, 30 Tabs",Abacavir/Lamivudine,Generic,60/30mg,Tablet - FDC,30,6000,24000.0,4.0,0.13,Mylan (formerly Matrix) Nashik,Yes,290,20225.07,29.69
85849,114-UG-T30,FPQ-8522,SO-40931,DN-2607,Uganda,PMO - US,From RDC,N/A - From RDC,Truck,10/5/11,N/A - From RDC,16-May-12,27-Mar-12,27-Mar-12,ARV,Adult,SCMS from RDC,"Lamivudine/Tenofovir Disoproxil Fumarate 300/300mg, tablets, 30 Tabs",Lamivudine/Tenofovir Disoproxil Fumarate,Generic,300/300mg,Tablet - FDC,30,22872,139061.76,6.08,0.2,Mylan (formerly Matrix) Nashik,No,See DN-2607 (ID#:83580),See DN-2607 (ID#:83580),229.45
12515,111-MZ-T01,Pre-PQ Process,SO-1882,DN-817,Mozambique,PMO - US,From RDC,N/A - From RDC,Air,Pre-PQ Process,N/A - From RDC,7-Aug-08,7-Aug-08,7-Aug-08,ARV,Adult,SCMS from RDC,"Lamivudine/Nevirapine/Stavudine 150/200/30mg, tablets, 60 Tabs",Lamivudine/Nevirapine/Stavudine,Generic,150/200/30mg,Tablet - FDC,60,138325,995940.0,7.2,0.12,"Strides, Bangalore, India.",No,See DN-817 (ID#:10981),See DN-817 (ID#:10981),1593.5
1643,104-CI-T01,Pre-PQ Process,SCMS-18420,ASN-1469,Côte d'Ivoire,PMO - US,Direct Drop,EXW,Air,Pre-PQ Process,2/28/08,8-Apr-08,4-Apr-08,4-Apr-08,HRDT,HIV test - Ancillary,"Orgenics, Ltd","HIV, Lancet, Safety, for HIV Test kits, 100 Pcs","HIV, Lancet, Safety, for HIV Test kits, 100 Pcs",Generic,,Test kit - Ancillary,100,70,0.7,0.01,0.0,Inverness Japan,Yes,Weight Captured Separately,Invoiced Separately,0.0
86807,110-ZM-T30,FPQ-14784,SO-49601,DN-4250,Zambia,PMO - US,From RDC,N/A - From RDC,Truck,8/12/14,N/A - From RDC,29-May-15,15-May-15,15-May-15,ARV,Adult,SCMS from RDC,"Lamivudine/Stavudine 150/30mg, tablets, 60 Tabs",Lamivudine/Stavudine,Generic,150/30mg,Tablet - FDC,60,2016,5019.84,2.49,0.04,Hetero Unit III Hyderabad IN,No,See DN-4250 (ID#:82799),See DN-4250 (ID#:82799),5.16
14043,108-VN-T30,FPQ-5019,SCMS-64580,ASN-6269,Vietnam,PMO - US,Direct Drop,EXW,Air,2/2/10,2/3/10,30-Mar-10,30-Mar-10,30-Mar-10,ARV,Adult,Aurobindo Pharma Limited,"Tenofovir Disoproxil Fumarate 300mg, tablets, 30 Tabs",Tenofovir Disoproxil Fumarate,Generic,300mg,Tablet,30,3528,27342.0,7.75,0.26,"Aurobindo Unit III, India",Yes,395,3538.57,58.95
11358,100-GH-T01,Pre-PQ Process,SO-33650,DN-1473,Ghana,PMO - US,From RDC,N/A - From RDC,Truck,Date Not Captured,N/A - From RDC,30-Sep-09,12-Aug-09,12-Aug-09,ARV,Pediatric,SCMS from RDC,"Lopinavir/Ritonavir 80/20mg/ml [Kaletra], oral solution, cool, Bottle 5 x 60 ml",Lopinavir/Ritonavir,Kaletra,80/20mg/ml,Oral solution,300,129,1.29,0.01,0.0,ABBVIE (Abbott) Logis. UK,Yes,Weight Captured Separately,Invoiced Separately,0.0
54957,108-VN-T30,FPQ-13976,SCMS-235630,ASN-28049,Vietnam,PMO - US,Direct Drop,FCA,Air,4/8/14,4/30/14,7-Oct-14,7-Oct-14,8-Oct-14,ARV,Adult,ABBVIE LOGISTICS (FORMERLY ABBOTT LOGISTICS BV),"Ritonavir 100mg [Norvir], film coated tablets, 30 Tabs",Ritonavir,Norvir,100mg,Tablet,30,100,2326.0,23.26,0.78,ABBVIE Ludwigshafen Germany,Yes,Weight Captured Separately,Invoiced Separately,2.39
5678,116-ZA-T01,Pre-PQ Process,SCMS-19800,ASN-1665,South Africa,PMO - US,Direct Drop,DDP,Truck,Pre-PQ Process,2/20/08,24-Apr-08,24-Apr-08,24-Apr-08,ARV,Adult,S. BUYS WHOLESALER,"Emtricitabine/Tenofovir Disoproxil Fumarate 200/300mg [Truvada], tablets, 30 Tabs",Emtricitabine/Tenofovir Disoproxil Fumarate,Truvada,300/200mg,Tablet - FDC,30,20,723.4,36.17,1.21,"Aspen-OSD, Port Elizabeth, SA",No,Weight Captured Separately,Freight Included in Commodity Cost,1.16
12789,117-ET-T01,Pre-PQ Process,SO-1950,DN-669,Ethiopia,PMO - US,From RDC,N/A - From RDC,,Pre-PQ Process,N/A - From RDC,27-Mar-08,27-Mar-08,27-Mar-08,ARV,Adult,SCMS from RDC,"Stavudine 30mg, capsules, 60 Caps",Stavudine,Generic,30mg,Capsule,60,78460,119259.2,1.52,0.03,"Aurobindo Unit III, India",Yes,5184,17910,190.81
74364,116-ZA-T30,FPQ-11828,SCMS-183950,ASN-19166,South Africa,South Africa Field Office,Direct Drop,DDP,Truck,3/18/13,Date Not Captured,16-Apr-13,16-Apr-13,16-Apr-13,ARV,Pediatric,S. BUYS WHOLESALER,"Efavirenz 50mg, capsule, 30 Caps",Efavirenz,Generic,50mg,Capsule,30,2146,6526.5,3.04,0.1,"Aurobindo Unit III, India",No,Weight Captured Separately,Freight Included in Commodity Cost,8.07
55138,105-SS-T30,FPQ-15569,SCMS-272140,ASN-31129,South Sudan,PMO - US,Direct Drop,EXW,Air,12/29/14,2/20/15,8-May-15,8-May-15,11-May-15,HRDT,HIV test,"Trinity Biotech, Plc","HIV 1/2, Uni-Gold HIV Kit, 20 Tests","HIV 1/2, Uni-Gold HIV Kit",Uni-Gold,,Test kit,20,450,14400.0,32.0,1.6,"Trinity Biotech, Plc",No,See ASN-31129 (ID#:40205),See ASN-31129 (ID#:40205),16.95
2796,119-NA-T01,Pre-PQ Process,SCMS-10360,ASN-658,Namibia,PMO - US,Direct Drop,EXW,Air,Pre-PQ Process,7/31/07,29-Aug-07,29-Aug-07,29-Aug-07,HRDT,HIV test,"Orgenics, Ltd","HIV 1/2, Clearview Complete Kit, 25 Tests","HIV 1/2, Clearview Complete Kit",Clearview,,Test kit,25,150,11250.0,75.0,3.0,Not Applicable,Yes,Weight Captured Separately,Invoiced Separately,18.0
51340,106-HT-T30,FPQ-11443,SCMS-180990,ASN-20370,Haiti,PMO - US,Direct Drop,EXW,Air,2/7/13,3/22/13,24-Jul-13,24-Jul-13,24-Jul-13,ARV,Pediatric,STRIDES ARCOLAB LIMITED,"Lamivudine/Nevirapine/Zidovudine 30/50/60mg, dispersible tablets, 60 Tabs",Lamivudine/Nevirapine/Zidovudine,Generic,30/50/60mg,Chewable/dispersible tablet - FDC,60,4095,16380.0,4.0,0.07,"Strides, Bangalore, India.",Yes,176,3456.02,20.26
45197,116-ZA-T30,FPQ-14942,SCMS-259079,ASN-33851,South Africa,PMO - US,Direct Drop,DDP,Truck,9/11/14,10/9/14,24-Aug-15,24-Aug-15,24-Aug-15,ARV,Adult,PHARMACY DIRECT,"Lamivudine/Zidovudine 150/300mg, tablets, 60 Tabs",Lamivudine/Zidovudine,Generic,150/300mg,Tablet - FDC,60,27,620.91,23.0,0.38,"Aurobindo Unit III, India",No,Weight Captured Separately,Freight Included in Commodity Cost,0.64
86795,102-BI-T30,FPQ-15406,SO-50290,DN-4210,Burundi,PMO - US,From RDC,N/A - From RDC,Air,11/19/14,N/A - From RDC,30-Jun-15,22-Apr-15,23-Apr-15,ARV,Adult,SCMS from RDC,"Lamivudine/Nevirapine/Zidovudine 150/200/300mg, tablets, 60 Tabs",Lamivudine/Nevirapine/Zidovudine,Generic,150/300/200mg,Tablet - FDC,60,1056,8152.32,7.72,0.13,Mylan (formerly Matrix) Nashik,No,See DN-4210 (ID#:83906),See DN-4210 (ID#:83906),9.6
11995,110-ZM-T01,Pre-PQ Process,SO-29050,DN-1327,Zambia,PMO - US,From RDC,N/A - From RDC,Truck,Date Not Captured,N/A - From RDC,4-Sep-09,4-Sep-09,4-Sep-09,ARV,Adult,SCMS from RDC,"Efavirenz 600mg, tablets, 30 Tabs",Efavirenz,Generic,600mg,Tablet,30,120000,960000.0,8.0,0.27,Mylan (formerly Matrix) Nashik,Yes,9022,4506.18,1881.6
83791,104-CI-T30,FPQ-13142,SO-47134,DN-3693,Côte d'Ivoire,PMO - US,From RDC,N/A - From RDC,Truck,10/22/13,N/A - From RDC,30-May-14,16-May-14,30-Jun-14,ARV,Pediatric,SCMS from RDC,"Lamivudine/Nevirapine/Zidovudine 30/50/60mg, dispersible tablets, 60 Tabs",Lamivudine/Nevirapine/Zidovudine,Generic,30/50/60mg,Chewable/dispersible tablet - FDC,60,20000,75000.0,3.75,0.06,Mylan (formerly Matrix) Nashik,Yes,1041,5156.93,77.1
4023,102-GY-T01,Pre-PQ Process,SCMS-767,ASN-607,Guyana,PMO - US,Direct Drop,EXW,Air,Pre-PQ Process,7/25/07,9-Aug-07,9-Aug-07,9-Aug-07,HRDT,HIV test - Ancillary,"Orgenics, Ltd","HIV, Lancet, Safety, for HIV Test kits, 100 Pcs","HIV, Lancet, Safety, for HIV Test kits, 100 Pcs",Generic,,Test kit - Ancillary,100,300,3.0,0.01,0.0,Inverness Japan,Yes,Weight Captured Separately,Invoiced Separately,0.0
10353,116-ZA-T01,Pre-PQ Process,SCMS-41160,ASN-3760,South Africa,PMO - US,Direct Drop,DDP,Air,Pre-PQ Process,Date Not Captured,1-Apr-09,26-Nov-08,26-Nov-08,ARV,Adult,S. BUYS WHOLESALER,"Lamivudine 150mg [Epivir], tablets, 60 Tabs",Lamivudine,Epivir,150mg,Tablet,60,2000,10460.0,5.23,0.09,GSK Cape Town Factory (South Africa),No,See ASN-3760 (ID#:5049),See ASN-3760 (ID#:5049),20.5
85427,109-TZ-T30,FPQ-12354,SO-45741,DN-3454,Tanzania,PMO - US,From RDC,N/A - From RDC,Truck,5/16/13,N/A - From RDC,31-Jan-14,20-Jan-14,29-Jan-14,ARV,Adult,SCMS from RDC,"Efavirenz/Lamivudine/Tenofovir Disoproxil Fumarate 600/300/300mg, tablets, 30 Tabs",Efavirenz/Lamivudine/Tenofovir Disoproxil Fumarate,Generic,600/300/300mg,Tablet - FDC,30,5531,61670.65,11.15,0.37,Hetero Unit III Hyderabad IN,No,See DN-3454 (ID#:83194),See DN-3454 (ID#:83194),76.29
85965,114-UG-T30,FPQ-10945,SO-43621,DN-3152,Uganda,PMO - US,From RDC,N/A - From RDC,Air,11/6/12,N/A - From RDC,9-May-13,22-May-13,22-May-13,ARV,Adult,SCMS from RDC,"Efavirenz/Lamivudine/Tenofovir Disoproxil Fumarate 600/300/300mg, tablets, 30 Tabs",Efavirenz/Lamivudine/Tenofovir Disoproxil Fumarate,Generic,600/300/300mg,Tablet - FDC,30,61394,645864.88,10.52,0.35,Hetero Unit III Hyderabad IN,Yes,8115,13817.65,798.93
2481,116-ZA-T01,Pre-PQ Process,SCMS-47500,ASN-4332,South Africa,PMO - US,Direct Drop,DDP,Truck,Pre-PQ Process,4/2/09,15-May-09,23-Apr-09,23-Apr-09,ARV,Adult,S. BUYS WHOLESALER,"Stavudine 20mg [Zerit], capsules, 60 Caps",Stavudine,Zerit,20mg,Capsule,60,76,300.2,3.95,0.07,"BMS Meymac, France",No,See ASN-4332 (ID#:1115),See ASN-4332 (ID#:1115),0.59
11745,110-ZM-T01,Pre-PQ Process,SO-315,DN-228,Zambia,PMO - US,From RDC,N/A - From RDC,,Pre-PQ Process,N/A - From RDC,9-Jul-07,9-Jul-07,9-Jul-07,ARV,Adult,SCMS from RDC,"Emtricitabine/Tenofovir Disoproxil Fumarate 200/300mg [Truvada], tablets, 30 Tabs",Emtricitabine/Tenofovir Disoproxil Fumarate,Truvada,300/200mg,Tablet - FDC,30,12000,315000.0,26.25,0.88,Gilead(Nycomed) Oranienburg DE,Yes,1005,4407.26,504.0
71840,104-CI-T30,FPQ-13603,SCMS-228090,ASN-29971,Côte d'Ivoire,PMO - US,Direct Drop,EXW,Air,1/23/14,2/27/14,23-Jan-15,23-Jan-15,23-Jan-15,HRDT,HIV test,"CHEMBIO DIAGNOSTIC SYSTEMS, INC.","HIV 1/2, Stat-Pak HIV, Kit, 20 Tests","HIV 1/2, Stat-Pak HIV, Kit",Stat-Pak,,Test kit,20,2120,65720.0,31.0,1.55,Chembio Diagnostics Sys. Inc.,Yes,610,8291.96,67.56
83694,109-TZ-T30,FPQ-11393,SO-44383,DN-3194,Tanzania,PMO - US,From RDC,N/A - From RDC,Air,12/30/12,N/A - From RDC,31-May-13,18-Jun-13,18-Jun-13,ARV,Adult,SCMS from RDC,"Efavirenz/Emtricitabine/Tenofovir Disoproxil Fumarate 600/200/300mg, tablets, 30 Tabs",Efavirenz/Emtricitabine/Tenofovir Disoproxil Fumarate,Generic,600/200/300mg,Tablet - FDC,30,30598,396550.08,12.96,0.43,"Cipla, Goa, India",Yes,3637,22904.02,490.53
82844,104-CI-T30,FPQ-4187,SO-33530,DN-1508,Côte d'Ivoire,PMO - US,From RDC,N/A - From RDC,Air,9/9/09,N/A - From RDC,26-Nov-09,5-Nov-09,5-Nov-09,ARV,Adult,SCMS from RDC,"Nevirapine 200mg, tablets, 60 Tabs",Nevirapine,Generic,200mg,Tablet,60,6050,17545.0,2.9,0.05,"Aurobindo Unit III, India",Yes,442,5028.04,34.39
84534,106-HT-T30,FPQ-4384,SO-35930,DN-1668,Haiti,PMO - US,From RDC,N/A - From RDC,Air,10/23/09,N/A - From RDC,7-Apr-10,3-Mar-10,3-Mar-10,ARV,Adult,SCMS from RDC,"Stavudine 30mg, capsules, 60 Caps",Stavudine,Generic,30mg,Capsule,60,7056,10301.76,1.46,0.02,"Strides, Bangalore, India.",No,See DN-1668 (ID#:83403),See DN-1668 (ID#:83403),22.21
86257,104-CI-T30,FPQ-3964,SO-34521,DN-1620,Côte d'Ivoire,PMO - US,From RDC,N/A - From RDC,Air,7/24/09,N/A - From RDC,8-Feb-10,23-Jan-10,23-Jan-10,ARV,Adult,SCMS from RDC,"Lamivudine/Nevirapine/Zidovudine 150/200/300mg, tablets, 60 Tabs",Lamivudine/Nevirapine/Zidovudine,Generic,150/300/200mg,Tablet - FDC,60,35000,392700.0,11.22,0.19,"Aurobindo Unit III, India",No,See DN-1620 (ID#:83974),See DN-1620 (ID#:83974),769.69
43390,161-ZA-T30,FPQ-6708,SCMS-93440,ASN-10855,South Africa,PMO - US,Direct Drop,DDP,Air,11/26/10,12/6/10,12-Aug-11,12-Aug-11,12-Aug-11,ARV,Pediatric,GLAXOSMITHKLINE EXPORT LIMITED,"Abacavir 20mg/ml [Ziagen], oral solution, Bottle, 240 ml",Abacavir,Ziagen,20mg/ml,Oral solution,240,60000,601200.0,10.02,0.04,GSK Mississauga (Canada),Yes,22956,27372.24,991.98
86354,104-CI-T30,FPQ-5925,SO-37650,DN-2061,Côte d'Ivoire,PMO - US,From RDC,N/A - From RDC,Truck,6/23/10,N/A - From RDC,30-Nov-10,22-Dec-10,22-Dec-10,ARV,Adult,SCMS from RDC,"Nevirapine 200mg, tablets, 60 Tabs",Nevirapine,Generic,200mg,Tablet,60,100425,267130.5,2.66,0.04,"Strides, Bangalore, India.",Yes,6880,7826.75,575.93
12299,110-ZM-T01,Pre-PQ Process,SO-29070,DN-1325,Zambia,PMO - US,From RDC,N/A - From RDC,Truck,Date Not Captured,N/A - From RDC,29-Sep-09,29-Sep-09,29-Sep-09,ARV,Adult,SCMS from RDC,"Lamivudine/Tenofovir Disoproxil Fumarate 300/300mg, tablets, 30 Tabs",Lamivudine/Tenofovir Disoproxil Fumarate,Generic,300/300mg,Tablet - FDC,30,92000,1058000.0,11.5,0.38,Mylan (formerly Matrix) Nashik,Yes,7579,6759.28,2073.68
6932,102-NG-T01,Pre-PQ Process,SCMS-16880,ASN-1354,Nigeria,PMO - US,Direct Drop,EXW,Air,Pre-PQ Process,1/7/08,21-Apr-08,29-Feb-08,29-Feb-08,HRDT,HIV test,"CHEMBIO DIAGNOSTIC SYSTEMS, INC.","HIV 1/2, Stat-Pak HIV, Kit, 20 Tests","HIV 1/2, Stat-Pak HIV, Kit",Stat-Pak,,Test kit,20,9380,253260.0,27.0,1.35,Chembio Diagnostics Sys. Inc.,Yes,3058,18750.2,405.22
12267,117-ET-T01,Pre-PQ Process,SO-22190,DN-1091,Ethiopia,PMO - US,From RDC,N/A - From RDC,Air,Pre-PQ Process,N/A - From RDC,18-Feb-09,18-Feb-09,18-Feb-09,ARV,Adult,SCMS from RDC,"Lamivudine/Zidovudine 150/300mg, tablets, 60 Tabs",Lamivudine/Zidovudine,Generic,150/300mg,Tablet - FDC,60,5000,43800.0,8.76,0.15,Mylan (formerly Matrix) Nashik,Yes,403,1719.65,85.85
5634,104-CI-T01,Pre-PQ Process,SCMS-18300,ASN-3434,Côte d'Ivoire,PMO - US,Direct Drop,EXW,Air,Pre-PQ Process,3/3/08,19-Mar-09,19-Mar-09,19-Mar-09,HRDT,HIV test,"Standard Diagnostics, Inc.","HIV 1/2, Bioline 3.0 Kit, Lancets, Capillary pipets, Alcohol swabs included, 25 Tests","HIV 1/2, Bioline 3.0 Kit, Lancets, Capillary pipets, Alcohol swabs included",Bioline,,Test kit,25,659,13180.0,20.0,0.8,"Standard Diagnostics, Korea",Yes,206,2358.13,25.83
46127,107-RW-T30,FPQ-6341,SCMS-84990,ASN-11548,Rwanda,PMO - US,Direct Drop,EXW,Ocean,9/3/10,9/28/10,17-Oct-11,17-Oct-11,17-Oct-11,ARV,Adult,HETERO LABS LIMITED,"Nevirapine 200mg, tablets, 60 Tabs",Nevirapine,Generic,200mg,Tablet,60,236925,575727.75,2.43,0.04,Hetero Unit III Hyderabad IN,Yes,13622,82095.85,1241.27
46727,109-TZ-T30,FPQ-10619,SCMS-161830,ASN-17464,Tanzania,PMO - US,Direct Drop,EXW,Air,9/13/12,10/4/12,31-Dec-12,31-Dec-12,31-Dec-12,HRDT,HIV test,"Orgenics, Ltd","HIV 1/2, Determine Complete HIV Kit, 100 Tests","HIV 1/2, Determine Complete HIV Kit",Determine,,Test kit,100,2264,181120.0,80.0,0.8,"Alere Medical Co., Ltd.",Yes,980,18638.44,253.93
86041,104-CI-T30,FPQ-12800,SO-46421,DN-3530,Côte d'Ivoire,PMO - US,From RDC,N/A - From RDC,Air,8/9/13,N/A - From RDC,31-Jan-14,13-Feb-14,4-Mar-14,ARV,Pediatric,SCMS from RDC,"Zidovudine 10mg/ml, oral solution w/syringe, Bottle, 240 ml",Zidovudine,Generic,10mg/ml,Oral solution,240,5700,11970.0,2.1,0.01,"Aurobindo Unit III, India",Yes,2845,10943.15,14.81
12425,111-MZ-T01,Pre-PQ Process,SO-1064,DN-415,Mozambique,PMO - US,From RDC,N/A - From RDC,Air,Pre-PQ Process,N/A - From RDC,30-Nov-07,30-Nov-07,30-Nov-07,HRDT,HIV test,SCMS from RDC,"HIV 1/2, Uni-Gold HIV Kit, 20 Tests","HIV 1/2, Uni-Gold HIV Kit",Uni-Gold,,Test kit,20,5000,160000.0,32.0,1.6,"Trinity Biotech, Plc",No,See DN-415 (ID#:12120),See DN-415 (ID#:12120),256.0
11897,119-NA-T01,Pre-PQ Process,SO-1929,DN-650,Namibia,PMO - US,From RDC,N/A - From RDC,Air,Pre-PQ Process,N/A - From RDC,17-Apr-08,17-Apr-08,17-Apr-08,HRDT,HIV test,SCMS from RDC,"HIV 1/2, Determine HIV Kit, without Lancets, 100 Tests","HIV 1/2, Determine HIV Kit, without Lancets",Determine,,Test kit,100,90,6479.1,71.99,0.72,Inverness Japan,Yes,21,1730.41,10.37
83388,106-HT-T30,FPQ-4384,SO-34720,DN-1590,Haiti,PMO - US,From RDC,N/A - From RDC,Air Charter,10/23/09,N/A - From RDC,25-Dec-09,17-Dec-09,17-Dec-09,ARV,Pediatric,SCMS from RDC,"Efavirenz 30mg/ml [Stocrin/Sustiva], oral solution, Bottle, 180 ml",Efavirenz,Stocrin/Sustiva,30mg/ml,Oral solution,180,230,3900.8,16.96,0.09,"MSD, Haarlem, NL",Yes,132,8329.13,8.41
85865,110-ZM-T30,FPQ-9515,SO-41950,DN-2681,Zambia,PMO - US,From RDC,N/A - From RDC,Air,4/10/12,N/A - From RDC,2-Jul-12,7-Jun-12,7-Jun-12,HRDT,HIV test,SCMS from RDC,"HIV 1/2, Determine Complete HIV Kit, 100 Tests","HIV 1/2, Determine Complete HIV Kit",Determine,,Test kit,100,5996,479680.0,80.0,0.8,"Alere Medical Co., Ltd.",Yes,1363,22171.8,672.51
83371,154-NG-T30,FPQ-3815,SO-32272,DN-1360,Nigeria,PMO - US,From RDC,N/A - From RDC,Air Charter,5/26/09,N/A - From RDC,31-Aug-09,4-Aug-09,4-Aug-09,ARV,Adult,SCMS from RDC,"Efavirenz 600mg, tablets, 30 Tabs",Efavirenz,Generic,600mg,Tablet,30,277,1897.45,6.85,0.23,"Aurobindo Unit III, India",Yes,54,7445.8,3.72
11578,113-ZW-T01,Pre-PQ Process,SO-2503,DN-900,Zimbabwe,PMO - US,From RDC,N/A - From RDC,Truck,Pre-PQ Process,N/A - From RDC,12-Sep-08,12-Sep-08,12-Sep-08,ARV,Adult,SCMS from RDC,"Lamivudine/Nevirapine/Stavudine 150/200/30mg, tablets, 60 Tabs",Lamivudine/Nevirapine/Stavudine,Generic,150/200/30mg,Tablet - FDC,60,76000,562400.0,7.4,0.12,"Cipla, Goa, India",No,See DN-900 (ID#:11284),See DN-900 (ID#:11284),899.84
86075,103-ZW-T30,FPQ-13109,SO-46950,DN-3649,Zimbabwe,PMO - US,From RDC,N/A - From RDC,Truck,10/17/13,N/A - From RDC,5-May-14,23-May-14,27-May-14,ARV,Pediatric,SCMS from RDC,"Efavirenz 200mg, scored tablets, 90 Tabs",Efavirenz,Generic,200mg,Tablet,90,819,7616.7,9.3,0.1,"Strides, Bangalore, India.",Yes,58,1551,7.83
11115,111-MZ-T01,Pre-PQ Process,SO-500,DN-152,Mozambique,PMO - US,From RDC,N/A - From RDC,Air,Pre-PQ Process,N/A - From RDC,8-Jun-07,8-Jun-07,8-Jun-07,ARV,Adult,SCMS from RDC,"Abacavir 300mg, tablets, 60 Tabs",Abacavir,Generic,300mg,Tablet,60,4444,159095.2,35.8,0.6,"Aurobindo Unit III, India",Yes,633,Freight Included in Commodity Cost,
41201,116-ZA-T30,FPQ-3596,SCMS-50362,ASN-5862,South Africa,PMO - US,Direct Drop,DDP,Truck,5/7/09,9/22/09,8-Dec-09,8-Dec-09,8-Dec-09,ARV,Adult,S. BUYS WHOLESALER,"Lamivudine 150mg, tablets, 60 Tabs",Lamivudine,Generic,150mg,Tablet,60,46,470.75,10.23,0.17,"Aurobindo Unit III, India",Yes,Weight Captured Separately,Freight Included in Commodity Cost,0.92
83230,104-CI-T30,FPQ-13142,SO-47140,DN-3575,Côte d'Ivoire,PMO - US,From RDC,N/A - From RDC,Truck,10/22/13,N/A - From RDC,18-Mar-14,10-Mar-14,6-May-14,ARV,Pediatric,SCMS from RDC,"Lamivudine 10mg/ml, oral solution w/syringe, Bottle, 240 ml",Lamivudine,Generic,10mg/ml,Oral solution,240,8000,11440.0,1.43,0.01,"Aurobindo Unit III, India",Yes,2933,11961.04,11.76
3354,117-ET-T01,Pre-PQ Process,SCMS-28690,ASN-2840,Ethiopia,PMO - US,Direct Drop,EXW,Air,Pre-PQ Process,8/22/08,17-Nov-08,17-Nov-08,17-Nov-08,HRDT,HIV test,"SHANGHAI KEHUA BIOENGINEERING CO.,LTD.  (KHB)","HIV 1/2, SKB Colloidal Gold, Diagnostic Kit, Antibody, 50 Tests","HIV 1/2, Colloidal Gold, Diagnostic Kit, Antibody",Colloidal Gold,,Test kit,1,6998,160954.0,23.0,23.0,"KHB Test Kit Facility, Shanghai China",Yes,4913,46117.09,315.47
86173,102-ZW-T30,FPQ-15621,SO-50580,DN-4158,Zimbabwe,PMO - US,From RDC,N/A - From RDC,Truck,12/19/14,N/A - From RDC,16-Mar-15,17-Mar-15,19-Mar-15,ARV,Adult,SCMS from RDC,"Lamivudine/Zidovudine 150/300mg, tablets, 60 Tabs",Lamivudine/Zidovudine,Generic,150/300mg,Tablet - FDC,60,20000,130400.0,6.52,0.11,"Hetero, Jadcherla, unit 5, IN",Yes,1790,2042.6,153.48
85665,151-NG-T30,FPQ-4537,SO-35062,DN-1721,Nigeria,PMO - US,From RDC,N/A - From RDC,Air Charter,11/6/09,N/A - From RDC,19-Apr-10,31-Mar-10,31-Mar-10,ARV,Adult,SCMS from RDC,"Lamivudine/Nevirapine/Zidovudine 150/200/300mg, tablets, 60 Tabs",Lamivudine/Nevirapine/Zidovudine,Generic,150/300/200mg,Tablet - FDC,60,24615,276180.3,11.22,0.19,"Aurobindo Unit III, India",Yes,2888,Freight Included in Commodity Cost,595.44
86173,102-ZW-T30,FPQ-15621,SO-50580,DN-4158,Zimbabwe,PMO - US,From RDC,N/A - From RDC,Truck,12/19/14,N/A - From RDC,16-Mar-15,17-Mar-15,19-Mar-15,ARV,Adult,SCMS from RDC,"Lamivudine/Zidovudine 150/300mg, tablets, 60 Tabs",Lamivudine/Zidovudine,Generic,150/300mg,Tablet - FDC,60,20000,130400.0,6.52,0.11,"Hetero, Jadcherla, unit 5, IN",Yes,1790,2042.6,153.48
84625,113-ZW-T30,FPQ-6470,SO-38830,DN-2128,Zimbabwe,PMO - US,From RDC,N/A - From RDC,Truck,10/13/10,N/A - From RDC,31-Mar-11,18-Mar-11,18-Mar-11,ARV,Adult,SCMS from RDC,"Lamivudine/Stavudine 150/30mg, tablets, 60 Tabs",Lamivudine/Stavudine,Generic,150/30mg,Tablet - FDC,60,1883,6025.6,3.2,0.05,"Cipla, Goa, India",No,See DN-2128 (ID#:84624),See DN-2128 (ID#:84624),12.99
83418,151-NG-T30,FPQ-4537,SO-35130,DN-1788,Nigeria,PMO - US,From RDC,N/A - From RDC,Air Charter,11/6/09,N/A - From RDC,31-May-10,18-May-10,18-May-10,ARV,Adult,SCMS from RDC,"Stavudine 20mg, capsules, 60 Caps",Stavudine,Generic,20mg,Capsule,60,3250,4647.5,1.43,0.02,"Aurobindo Unit III, India",Yes,216,9736.1,10.02
12829,110-ZM-T01,Pre-PQ Process,SO-2486,DN-912,Zambia,PMO - US,From RDC,N/A - From RDC,Truck,Pre-PQ Process,N/A - From RDC,23-Sep-08,23-Sep-08,23-Sep-08,ARV,Adult,SCMS from RDC,"Lamivudine/Zidovudine 150/300mg, tablets, 60 Tabs",Lamivudine/Zidovudine,Generic,150/300mg,Tablet - FDC,60,50000,472500.0,9.45,0.16,"Aurobindo Unit III, India",No,See DN-912 (ID#:11577),See DN-912 (ID#:11577),756.0
82850,110-ZM-T30,FPQ-4029,SO-34620,DN-1566,Zambia,PMO - US,From RDC,N/A - From RDC,Truck,8/5/09,N/A - From RDC,15-Jan-10,26-Nov-09,26-Nov-09,ARV,Adult,SCMS from RDC,"Lamivudine 150mg, tablets, 60 Tabs",Lamivudine,Generic,150mg,Tablet,60,21,51.24,2.44,0.04,"Aurobindo Unit III, India",Yes,1,792.62,0.1
76938,161-ZA-T30,FPQ-6262,SCMS-83830,ASN-9194,South Africa,PMO - US,Direct Drop,DDP,Ocean,8/31/10,9/24/10,6-Jan-11,27-Jan-11,27-Jan-11,ARV,Adult,Aurobindo Pharma Limited,"Tenofovir Disoproxil Fumarate 300mg, tablets, 30 Tabs",Tenofovir Disoproxil Fumarate,Generic,300mg,Tablet,30,58143,386650.95,6.65,0.22,"Aurobindo Unit III, India",Yes,5427,7905.96,833.62
12186,106-HT-T01,Pre-PQ Process,SO-2042,DN-682,Haiti,PMO - US,From RDC,N/A - From RDC,Air,Pre-PQ Process,N/A - From RDC,21-Mar-08,21-Mar-08,21-Mar-08,ARV,Adult,SCMS from RDC,"Stavudine 30mg, capsules, 60 Caps",Stavudine,Generic,30mg,Capsule,60,4305,6543.6,1.52,0.03,"Aurobindo Unit III, India",No,See DN-682 (ID#:10963),See DN-682 (ID#:10963),10.47
36411,116-ZA-T30,FPQ-14942,SCMS-259075,ASN-32138,South Africa,PMO - US,Direct Drop,DDP,Truck,9/11/14,5/11/15,12-May-15,12-May-15,12-May-15,ARV,Adult,PHARMACY DIRECT,"Abacavir 300mg, tablets, 60 Tabs",Abacavir,Generic,300mg,Tablet,60,3,149.56,49.85,0.83,"Aurobindo Unit III, India",No,Weight Captured Separately,Freight Included in Commodity Cost,0.15
83454,114-UG-T30,FPQ-5275,SO-36230,DN-1987,Uganda,PMO - US,From RDC,N/A - From RDC,Air,3/4/10,N/A - From RDC,3-Sep-10,27-Aug-10,27-Aug-10,ARV,Adult,SCMS from RDC,"Emtricitabine/Tenofovir Disoproxil Fumarate 200/300mg, tablets, 30 Tabs",Emtricitabine/Tenofovir Disoproxil Fumarate,Generic,200/300mg,Tablet - FDC,30,650,7637.5,11.75,0.39,Mylan (formerly Matrix) Nashik,Yes,61,536.02,16.47
83651,114-UG-T30,FPQ-11143,SO-43961,DN-3001,Uganda,PMO - US,From RDC,N/A - From RDC,Air,12/13/12,N/A - From RDC,22-Feb-13,20-Feb-13,20-Feb-13,ARV,Adult,SCMS from RDC,"Efavirenz 600mg, tablets, 30 Tabs",Efavirenz,Generic,600mg,Tablet,30,24966,88878.96,3.56,0.12,"Strides, Bangalore, India.",Yes,5391,28382.05,109.94
67057,107-RW-T30,FPQ-14090,SCMS-239700,ASN-28331,Rwanda,PMO - US,Direct Drop,EXW,Air,4/17/14,6/9/14,17-Oct-14,17-Oct-14,17-Oct-14,HRDT,HIV test,"Orgenics, Ltd","HIV 1/2, Determine Complete HIV Kit, 100 Tests","HIV 1/2, Determine Complete HIV Kit",Determine,,Test kit,100,1891,151280.0,80.0,0.8,"Alere Medical Co., Ltd.",Yes,766,14125.63,155.52
77181,114-UG-T30,FPQ-11153,SCMS-171920,ASN-18279,Uganda,PMO - US,Direct Drop,EXW,Air,12/13/12,1/11/13,5-Mar-13,5-Mar-13,5-Mar-13,ARV,Pediatric,Aurobindo Pharma Limited,"Efavirenz 50mg, capsule, 30 Caps",Efavirenz,Generic,50mg,Capsule,30,196,439.04,2.24,0.07,"Aurobindo Unit III, India",Yes,12,917.35,0.54
9023,116-ZA-T01,Pre-PQ Process,SCMS-40830,ASN-3578,South Africa,PMO - US,Direct Drop,DDP,Air,Pre-PQ Process,Date Not Captured,28-Apr-09,19-Dec-08,19-Dec-08,ARV,Adult,S. BUYS WHOLESALER,"Efavirenz 600mg, tablets, 30 Tabs",Efavirenz,Generic,600mg,Tablet,30,3710,60732.7,16.37,0.55,"Aurobindo Unit III, India",Yes,Weight Captured Separately,Freight Included in Commodity Cost,119.04
36603,108-VN-T30,FPQ-13524,SCMS-226240,ASN-25803,Vietnam,PMO - US,Direct Drop,EXW,Air,2/6/14,3/10/14,7-Jun-14,7-Jun-14,7-Jun-14,ARV,Adult,Aurobindo Pharma Limited,"Nevirapine 200mg, tablets, 60 Tabs",Nevirapine,Generic,200mg,Tablet,60,7400,16650.0,2.25,0.04,"Aurobindo Unit III, India",Yes,730,1338.19,17.12
82714,104-CI-T30,FPQ-14370,SO-49100,DN-3851,Côte d'Ivoire,PMO - US,From RDC,N/A - From RDC,Truck,5/23/14,N/A - From RDC,31-Oct-14,18-Aug-14,5-Sep-14,ARV,Adult,SCMS from RDC,"Abacavir/Lamivudine 600/300mg, tablets, 30 Tabs",Abacavir/Lamivudine,Generic,600/300mg,Tablet - FDC,30,2756,37261.12,13.52,0.45,"Cipla, Patalganga, India",Yes,248,1933.72,38.3
11291,114-UG-T01,Pre-PQ Process,SO-17830,DN-990,Uganda,PMO - US,From RDC,N/A - From RDC,Air,Pre-PQ Process,N/A - From RDC,9-Dec-08,9-Dec-08,9-Dec-08,ARV,Adult,SCMS from RDC,"Lamivudine/Zidovudine 150/300mg, tablets, 60 Tabs",Lamivudine/Zidovudine,Generic,150/300mg,Tablet - FDC,60,1144,10696.4,9.35,0.16,"Aurobindo Unit III, India",No,See DN-990 (ID#:11001),See DN-990 (ID#:11001),20.96
83072,110-ZM-T30,FPQ-9472,SO-41703,DN-2834,Zambia,PMO - US,From RDC,N/A - From RDC,Truck,3/8/12,N/A - From RDC,24-Sep-12,7-Sep-12,7-Sep-12,ARV,Adult,SCMS from RDC,"Emtricitabine/Tenofovir Disoproxil Fumarate 200/300mg, tablets, 30 Tabs",Emtricitabine/Tenofovir Disoproxil Fumarate,Generic,200/300mg,Tablet - FDC,30,107175,762014.25,7.11,0.24,Mylan (formerly Matrix) Nashik,Yes,8709,7317.47,1068.34
85086,114-UG-T30,FPQ-4275,SO-35610,DN-1638,Uganda,PMO - US,From RDC,N/A - From RDC,Truck,9/17/09,N/A - From RDC,25-Feb-10,18-Feb-10,18-Feb-10,ARV,Adult,SCMS from RDC,"Lamivudine/Nevirapine/Zidovudine 150/200/300mg, tablets, 60 Tabs",Lamivudine/Nevirapine/Zidovudine,Generic,150/300/200mg,Tablet - FDC,60,21658,243002.76,11.22,0.19,Mylan (formerly Matrix) Nashik,No,See DN-1638 (ID#:84526),See DN-1638 (ID#:84526),476.29
84279,101-CD-T30,FPQ-12088,SO-45030,DN-3269,"Congo, DRC",PMO - US,From RDC,N/A - From RDC,Air,4/12/13,N/A - From RDC,28-Aug-13,8-Feb-14,11-Mar-14,ARV,Adult,SCMS from RDC,"Lamivudine/Nevirapine/Zidovudine 150/200/300mg, tablets, 60 Tabs",Lamivudine/Nevirapine/Zidovudine,Generic,150/300/200mg,Tablet - FDC,60,800,6608.0,8.26,0.14,Mylan (formerly Matrix) Nashik,No,See DN-3269 (ID#:83711),See DN-3269 (ID#:83711),8.17
82743,101-CD-T30,FPQ-14576,SO-49310,DN-3954,"Congo, DRC",PMO - US,From RDC,N/A - From RDC,Air,7/14/14,N/A - From RDC,14-Apr-15,14-Apr-15,14-Apr-15,ARV,Pediatric,SCMS from RDC,"Nevirapine 10mg/ml, oral suspension w/syringe, Bottle, 240 ml",Nevirapine,Generic,10mg/ml,Oral suspension,240,1135,1713.85,1.51,0.01,"Aurobindo Unit III, India",Yes,1165,13290.31,1.76
84828,114-UG-T30,FPQ-10945,SO-43632,DN-3219,Uganda,PMO - US,From RDC,N/A - From RDC,Air,11/6/12,N/A - From RDC,31-Jul-13,18-Jul-13,18-Jul-13,ARV,Adult,SCMS from RDC,"Efavirenz/Lamivudine/Tenofovir Disoproxil Fumarate 600/300/300mg, tablets, 30 Tabs",Efavirenz/Lamivudine/Tenofovir Disoproxil Fumarate,Generic,600/300/300mg,Tablet - FDC,30,10415,109565.8,10.52,0.35,Hetero Unit III Hyderabad IN,Yes,1400,5718.69,135.53
26397,127-KE-T30,FPQ-7907,SCMS-115320,ASN-12097,Kenya,PMO - US,Direct Drop,EXW,Air,6/23/11,7/20/11,30-Sep-11,30-Sep-11,30-Sep-11,HRDT,HIV test,"Orgenics, Ltd","HIV 1/2, Determine Complete HIV Kit, 100 Tests","HIV 1/2, Determine Complete HIV Kit",Determine,,Test kit,100,7318,651302.0,89.0,0.89,Inverness Japan,Yes,2556,29339.63,1074.65
12665,107-RW-T01,Pre-PQ Process,SO-489,DN-248,Rwanda,PMO - US,From RDC,N/A - From RDC,Air,Pre-PQ Process,N/A - From RDC,26-Jul-07,26-Jul-07,26-Jul-07,ARV,Pediatric,SCMS from RDC,"Lopinavir/Ritonavir 80/20mg/ml [Kaletra], oral solution, cool, Bottle 5 x 60 ml",Lopinavir/Ritonavir,Kaletra,80/20mg/ml,Oral solution,300,50,2055.0,41.1,0.14,ABBVIE (Abbott) Logis. UK,Yes,50,661.06,3.29
73585,116-ZA-T30,FPQ-14942,SCMS-259074,ASN-31069,South Africa,PMO - US,Direct Drop,DDP,Truck,9/11/14,3/9/15,9-Mar-15,9-Mar-15,9-Mar-15,ARV,Adult,PHARMACY DIRECT,"Raltegravir 400mg [Isentress], tablets, 60 Tabs",Raltegravir,Isentress,400mg,Tablet,60,62,3792.2,61.16,1.02,"MSD, Haarlem, NL",No,Weight Captured Separately,Freight Included in Commodity Cost,3.9
6848,107-RW-T01,Pre-PQ Process,SCMS-14221,ASN-1594,Rwanda,PMO - US,Direct Drop,CIP,Air,Pre-PQ Process,11/21/07,28-Apr-08,22-Apr-08,22-Apr-08,ARV,Adult,CIPLA LIMITED,"Lamivudine/Nevirapine/Stavudine 150/200/30mg, tablets, 60 Tabs",Lamivudine/Nevirapine/Stavudine,Generic,150/200/30mg,Tablet - FDC,60,34576,242032.0,7.0,0.12,"Cipla, Goa, India",Yes,3656,10500,387.25
12665,107-RW-T01,Pre-PQ Process,SO-489,DN-248,Rwanda,PMO - US,From RDC,N/A - From RDC,Air,Pre-PQ Process,N/A - From RDC,26-Jul-07,26-Jul-07,26-Jul-07,ARV,Pediatric,SCMS from RDC,"Lopinavir/Ritonavir 80/20mg/ml [Kaletra], oral solution, cool, Bottle 5 x 60 ml",Lopinavir/Ritonavir,Kaletra,80/20mg/ml,Oral solution,300,50,2055.0,41.1,0.14,ABBVIE (Abbott) Logis. UK,Yes,50,661.06,3.29
13275,108-VN-T30,FPQ-15692,SCMS-274370,ASN-32259,Vietnam,PMO - US,Direct Drop,EXW,Air,1/28/15,2/17/15,13-Jul-15,13-Jul-15,14-Jul-15,ARV,Adult,HETERO LABS LIMITED,"Efavirenz/Lamivudine/Tenofovir Disoproxil Fumarate 600/300/300mg, tablets, 30 Tabs",Efavirenz/Lamivudine/Tenofovir Disoproxil Fumarate,Generic,600/300/300mg,Tablet - FDC,30,17760,177600.0,10.0,0.33,Hetero Unit III Hyderabad IN,Yes,2516,3816.3,209.04
2656,108-VN-T01,Pre-PQ Process,SCMS-81,ASN-55,Vietnam,PMO - US,Direct Drop,EXW,Air,Pre-PQ Process,Date Not Captured,11-Aug-06,11-Aug-06,11-Aug-06,ARV,Adult,Aurobindo Pharma Limited,"Nevirapine 200mg, tablets, 60 Tabs",Nevirapine,Generic,200mg,Tablet,60,35000,152250.0,4.35,0.07,"Aurobindo Unit III, India",No,See ASN-55 (ID#:16),See ASN-55 (ID#:16),
61675,110-ZM-T30,FPQ-12252,SCMS-189240,ASN-20479,Zambia,PMO - US,Direct Drop,EXW,Air,5/2/13,5/22/13,5-Aug-13,9-Aug-13,9-Aug-13,HRDT,HIV test,"Orgenics, Ltd","HIV 1/2, Determine Complete HIV Kit, 100 Tests","HIV 1/2, Determine Complete HIV Kit",Determine,,Test kit,100,2127,170160.0,80.0,0.8,"Alere Medical Co., Ltd.",Yes,881,14019.38,210.49
64588,104-CI-T30,FPQ-4381,SCMS-57600,ASN-6504,Côte d'Ivoire,PMO - US,Direct Drop,FCA,Air,11/5/09,11/23/09,7-Apr-10,7-Apr-10,7-Apr-10,ARV,Adult,ABBVIE LOGISTICS (FORMERLY ABBOTT LOGISTICS BV),"Ritonavir 100mg [Norvir], capsules, cool, 4 x 84 Caps",Ritonavir,Norvir,100mg,Capsule,336,680,26084.8,38.36,0.11,ABBVIE (Abbott) Logis. UK,Yes,1299,9689.81,51.13
10600,114-UG-T01,Pre-PQ Process,SO-1080,DN-362,Uganda,PMO - US,From RDC,N/A - From RDC,Air,Pre-PQ Process,N/A - From RDC,5-Nov-07,5-Nov-07,5-Nov-07,ARV,Adult,SCMS from RDC,"Lamivudine/Nevirapine/Stavudine 150/200/30mg, tablets, 60 Tabs",Lamivudine/Nevirapine/Stavudine,Generic,150/200/30mg,Tablet - FDC,60,1953,14452.2,7.4,0.12,"Cipla, Goa, India",Yes,283,1673,23.12
14846,101-CD-T30,FPQ-11103,SCMS-170640,ASN-18068,"Congo, DRC",PMO - US,Direct Drop,FCA,Air,12/7/12,1/3/13,16-Apr-13,16-Apr-13,16-Apr-13,ARV,Pediatric,ABBVIE LOGISTICS (FORMERLY ABBOTT LOGISTICS BV),"Lopinavir/Ritonavir 80/20mg/ml [Kaletra], oral solution, cool, Bottle 5 x 60 ml",Lopinavir/Ritonavir,Kaletra,80/20mg/ml,Oral solution,300,60,1849.2,30.82,0.1,ABBVIE (Abbott) Logis. UK,Yes,113,2570.86,2.29
6431,104-CI-T01,Pre-PQ Process,SCMS-42240,ASN-4457,Côte d'Ivoire,PMO - US,Direct Drop,FCA,Air,Pre-PQ Process,3/30/09,24-Aug-09,24-Aug-09,24-Aug-09,ARV,Pediatric,ABBVIE LOGISTICS (FORMERLY ABBOTT LOGISTICS BV),"Lopinavir/Ritonavir 80/20mg/ml [Kaletra], oral solution, cool, Bottle 5 x 60 ml",Lopinavir/Ritonavir,Kaletra,80/20mg/ml,Oral solution,300,50,2055.0,41.1,0.14,ABBVIE (Abbott) Logis. UK,Yes,99,1939.99,4.03
82177,108-VN-T30,FPQ-14516,SCMS-249050,ASN-29372,Vietnam,PMO - US,Direct Drop,EXW,Air,7/9/14,8/11/14,17-Dec-14,17-Dec-14,17-Dec-14,ARV,Adult,HETERO LABS LIMITED,"Efavirenz 600mg, tablets, 30 Tabs",Efavirenz,Generic,600mg,Tablet,30,5000,17500.0,3.5,0.12,Hetero Unit III Hyderabad IN,No,See ASN-29372 (ID#:71477),See ASN-29372 (ID#:71477),17.99
14605,106-HT-T30,FPQ-11442,SCMS-177160,ASN-18905,Haiti,PMO - US,Direct Drop,EXW,Ocean,1/30/13,3/7/13,7-Aug-13,7-Aug-13,7-Aug-13,ARV,Adult,HETERO LABS LIMITED,"Efavirenz 600mg, tablets, 30 Tabs",Efavirenz,Generic,600mg,Tablet,30,71376,231258.24,3.24,0.11,"Hetero, Jadcherla, unit 5, IN",Yes,5864,7558.01,286.07
1078,116-ZA-T01,Pre-PQ Process,SCMS-41460,ASN-4502,South Africa,PMO - US,Direct Drop,DDP,Truck,Pre-PQ Process,3/18/09,25-Jun-09,5-Jun-09,5-Jun-09,ARV,Pediatric,S. BUYS WHOLESALER,"Efavirenz 50mg, capsule, 30 Caps",Efavirenz,Generic,50mg,Capsule,30,5300,16642.0,3.14,0.1,"Aurobindo Unit III, India",Yes,Weight Captured Separately,Freight Included in Commodity Cost,32.62
86249,123-NG-T30,FPQ-4014,SO-32973,DN-1593,Nigeria,PMO - US,From RDC,N/A - From RDC,Air Charter,7/27/09,N/A - From RDC,31-Jan-10,18-Dec-09,18-Dec-09,ARV,Adult,SCMS from RDC,"Lamivudine/Zidovudine 150/300mg, tablets, 60 Tabs",Lamivudine/Zidovudine,Generic,150/300mg,Tablet - FDC,60,11949,104673.24,8.76,0.15,"Aurobindo Unit III, India",Yes,1084,11637.65,205.16
74771,116-ZA-T30,FPQ-11828,SCMS-183950,ASN-19166,South Africa,South Africa Field Office,Direct Drop,DDP,Truck,3/18/13,Date Not Captured,16-Apr-13,16-Apr-13,16-Apr-13,ARV,Adult,S. BUYS WHOLESALER,"Lamivudine 150mg [Epivir], tablets, 60 Tabs",Lamivudine,Epivir,150mg,Tablet,60,19284,144614.29,7.5,0.12,GSK Ware (UK),No,Weight Captured Separately,Freight Included in Commodity Cost,178.89
8909,144-BW-T01,Pre-PQ Process,SCMS-38050,ASN-3424,Botswana,PMO - US,Direct Drop,EXW,Air,Pre-PQ Process,2/6/09,3-Mar-09,3-Mar-09,3-Mar-09,HRDT,HIV test,Orasure Technologies Inc.,"HIV 1/2, OraQuick Advance HIV Rapid Antibody Kit, 100 Tests","HIV 1/2, OraQuick Advance HIV Rapid Antibody Kit",OraQuick,,Test kit,100,5,1750.0,350.0,3.5,"Pacific Biotech, Thailand",Yes,12,810.85,3.43
83708,114-UG-T30,FPQ-12473,SO-45870,DN-3267,Uganda,PMO - US,From RDC,N/A - From RDC,Air,6/11/13,N/A - From RDC,29-Aug-13,13-Sep-13,13-Sep-13,ARV,Adult,SCMS from RDC,"Efavirenz 600mg, tablets, 30 Tabs",Efavirenz,Generic,600mg,Tablet,30,36007,119903.31,3.33,0.11,"Aurobindo Unit III, India",Yes,19158,106022.37,148.32
82702,113-ZW-T30,FPQ-13508,SO-47540,DN-3825,Zimbabwe,PMO - US,From RDC,N/A - From RDC,Truck,12/24/13,N/A - From RDC,30-Sep-14,29-Jun-14,4-Aug-14,ARV,Adult,SCMS from RDC,"Nevirapine 200mg, tablets, 60 Tabs",Nevirapine,Generic,200mg,Tablet,60,100000,218000.0,2.18,0.04,"Micro labs, Verna, Goa, India",Yes,64918,43218.07,224.1
84158,113-ZW-T30,FPQ-8464,SO-40860,DN-2621,Zimbabwe,PMO - US,From RDC,N/A - From RDC,Truck,10/4/11,N/A - From RDC,17-Apr-12,7-May-12,7-May-12,ARV,Adult,SCMS from RDC,"Lamivudine/Stavudine 150/30mg, tablets, 60 Tabs",Lamivudine/Stavudine,Generic,150/30mg,Tablet - FDC,60,7150,21092.5,2.95,0.05,"Strides, Bangalore, India.",No,See DN-2621 (ID#:83583),See DN-2621 (ID#:83583),34.8
34526,108-VN-T30,FPQ-16123,SCMS-283040,ASN-33511,Vietnam,PMO - US,Direct Drop,FCA,Air,3/26/15,4/2/15,8-Sep-15,8-Sep-15,8-Sep-15,ARV,Adult,ABBVIE LOGISTICS (FORMERLY ABBOTT LOGISTICS BV),"Ritonavir 100mg [Norvir], film coated tablets, 30 Tabs",Ritonavir,Norvir,100mg,Tablet,30,450,10467.0,23.26,0.78,ABBVIE Ludwigshafen Germany,Yes,Weight Captured Separately,Invoiced Separately,12.32
83448,111-MZ-T30,FPQ-4711,SO-35740,DN-1962,Mozambique,PMO - US,From RDC,N/A - From RDC,Truck,12/23/09,N/A - From RDC,31-Aug-10,18-Aug-10,18-Aug-10,ARV,Adult,SCMS from RDC,"Lamivudine/Nevirapine/Zidovudine 150/200/300mg, tablets, 60 Tabs",Lamivudine/Nevirapine/Zidovudine,Generic,150/300/200mg,Tablet - FDC,60,77000,863940.0,11.22,0.19,Mylan (formerly Matrix) Nashik,Yes,12980,11134.62,1862.65
40274,114-UG-T30,FPQ-11098,SCMS-171660,ASN-17804,Uganda,PMO - US,Direct Drop,EXW,Air,12/13/12,1/2/13,4-Feb-13,4-Feb-13,4-Feb-13,HRDT,HIV test,"Trinity Biotech, Plc","HIV 1/2, Uni-Gold HIV Kit, 20 Tests","HIV 1/2, Uni-Gold HIV Kit",Uni-Gold,,Test kit,20,875,28000.0,32.0,1.6,"Trinity Biotech, Plc",Yes,292,4462.61,34.64
69006,110-ZM-T30,FPQ-8315,SCMS-120570,ASN-13033,Zambia,PMO - US,Direct Drop,EXW,Air,8/31/11,9/22/11,20-Dec-11,16-Dec-11,16-Dec-11,HRDT,HIV test,"Orgenics, Ltd","HIV 1/2, Determine Complete HIV Kit, 100 Tests","HIV 1/2, Determine Complete HIV Kit",Determine,,Test kit,100,2618,209440.0,80.0,0.8,"Alere Medical Co., Ltd.",Yes,1246,22614.24,345.58
83628,114-UG-T30,FPQ-9875,SO-42061,DN-2875,Uganda,PMO - US,From RDC,N/A - From RDC,Air,5/9/12,N/A - From RDC,17-Oct-12,11-Oct-12,11-Oct-12,ARV,Adult,SCMS from RDC,"Efavirenz 600mg, tablets, 30 Tabs",Efavirenz,Generic,600mg,Tablet,30,33373,121477.72,3.64,0.12,"Aurobindo Unit III, India",Yes,2870,14974.6,170.31
77936,116-ZA-T30,FPQ-11828,SCMS-183950,ASN-19166,South Africa,South Africa Field Office,Direct Drop,DDP,Truck,3/18/13,Date Not Captured,16-Apr-13,16-Apr-13,16-Apr-13,ARV,Adult,S. BUYS WHOLESALER,"Zidovudine 300mg, tablets, 60 Tabs",Zidovudine,Generic,300mg,Tablet,60,13,328.17,25.24,0.42,"Aurobindo Unit III, India",No,Weight Captured Separately,Freight Included in Commodity Cost,0.41
76189,161-ZA-T30,FPQ-5303,SCMS-69050,ASN-8509,South Africa,PMO - US,Direct Drop,DDP,Air,3/18/10,3/19/10,15-Dec-10,15-Dec-10,15-Dec-10,ARV,Adult,Aurobindo Pharma Limited,"Zidovudine 300mg, tablets, 60 Tabs",Zidovudine,Generic,300mg,Tablet,60,75048,557606.64,7.43,0.12,"Aurobindo Unit III, India",Yes,4023,3315.23,1202.2
84770,104-CI-T30,FPQ-10405,SO-42990,DN-2936,Côte d'Ivoire,PMO - US,From RDC,N/A - From RDC,Truck,7/24/12,N/A - From RDC,13-Dec-12,3-Dec-12,3-Dec-12,ARV,Adult,SCMS from RDC,"Lamivudine/Zidovudine 150/300mg, tablets, 60 Tabs",Lamivudine/Zidovudine,Generic,150/300mg,Tablet - FDC,60,36180,279309.6,7.72,0.13,Mylan (formerly Matrix) Nashik,Yes,2907,11320.56,391.59
64936,108-VN-T30,FPQ-12051,SCMS-188571,ASN-21549,Vietnam,PMO - US,Direct Drop,FCA,Air,5/3/13,8/19/13,3-Oct-13,3-Oct-13,4-Oct-13,ARV,Adult,ABBVIE LOGISTICS (FORMERLY ABBOTT LOGISTICS BV),"Lopinavir/Ritonavir 200/50mg [Aluvia], tablets, 120 Tabs",Lopinavir/Ritonavir,Aluvia,200/50mg,Tablet,120,3434,208855.88,60.82,0.51,ABBVIE Ludwigshafen Germany,Yes,826,3315.82,258.35
83715,109-TZ-T30,FPQ-10551,SO-43141,DN-3308,Tanzania,PMO - US,From RDC,N/A - From RDC,Truck,8/31/12,N/A - From RDC,15-Oct-13,18-Sep-13,18-Sep-13,ARV,Pediatric,SCMS from RDC,"Nevirapine 10mg/ml, oral suspension w/syringe, Bottle, 240 ml",Nevirapine,Generic,10mg/ml,Oral suspension,240,2191,4272.45,1.95,0.01,"Aurobindo Unit III, India",Yes,823,3524,5.99
11270,114-UG-T01,Pre-PQ Process,SO-2344,DN-818,Uganda,PMO - US,From RDC,N/A - From RDC,Air,Pre-PQ Process,N/A - From RDC,21-Aug-08,21-Aug-08,21-Aug-08,ARV,Adult,SCMS from RDC,"Lamivudine/Zidovudine 150/300mg, tablets, 60 Tabs",Lamivudine/Zidovudine,Generic,150/300mg,Tablet - FDC,60,1350,12757.5,9.45,0.16,"Aurobindo Unit III, India",Yes,239,1277.22,20.41
9566,116-ZA-T01,Pre-PQ Process,SCMS-16600,ASN-1520,South Africa,PMO - US,Direct Drop,DDP,,Pre-PQ Process,1/4/08,21-Jan-08,4-Jan-08,4-Jan-08,ARV,Pediatric,"JSI R&T INSTITUTE, INC.","Efavirenz 200mg [Stocrin/Sustiva], capsule, 90 Caps",Efavirenz,Stocrin/Sustiva,200mg,Capsule,90,100,3297.0,32.97,0.37,"MSD Midrand, J'burg, SA",No,Weight Captured Separately,Freight Included in Commodity Cost,5.28
85931,151-NG-T30,FPQ-10477,SO-43045,DN-2997,Nigeria,PMO - US,From RDC,N/A - From RDC,Air Charter,8/9/12,N/A - From RDC,11-Feb-13,11-Feb-13,11-Feb-13,ARV,Adult,SCMS from RDC,"Lamivudine/Zidovudine 150/300mg, tablets, 60 Tabs",Lamivudine/Zidovudine,Generic,150/300mg,Tablet - FDC,60,44383,322664.41,7.27,0.12,Mylan (formerly Matrix) Nashik,No,See DN-2997 (ID#:85328),See DN-2997 (ID#:85328),452.38
36922,116-ZA-T30,FPQ-12522,SCMS-199289,ASN-28037,South Africa,PMO - US,Direct Drop,DDP,Truck,7/11/13,8/29/14,29-Aug-14,29-Aug-14,29-Aug-14,ARV,Adult,S. BUYS WHOLESALER,"Lopinavir/Ritonavir 200/50mg [Aluvia], tablets, 120 Tabs",Lopinavir/Ritonavir,Aluvia,200/50mg,Tablet,120,87,2241.1,25.76,0.21,ABBVIE Ludwigshafen Germany,No,Weight Captured Separately,Freight Included in Commodity Cost,2.77
84040,104-CI-T30,FPQ-5623,SO-36881,DN-2012,Côte d'Ivoire,PMO - US,From RDC,N/A - From RDC,Truck,5/7/10,N/A - From RDC,19-Oct-10,25-Sep-10,25-Sep-10,ARV,Adult,SCMS from RDC,"Nevirapine 200mg, tablets, 60 Tabs",Nevirapine,Generic,200mg,Tablet,60,7925,21080.5,2.66,0.04,"Aurobindo Unit III, India",Yes,18041,8953.2,45.45
27421,109-TZ-T30,FPQ-10809,SCMS-162860,ASN-17469,Tanzania,PMO - US,Direct Drop,EXW,Air,10/11/12,10/18/12,31-Dec-12,31-Dec-12,31-Dec-12,HRDT,HIV test,"Orgenics, Ltd","HIV 1/2, Determine Complete HIV Kit, 100 Tests","HIV 1/2, Determine Complete HIV Kit",Determine,,Test kit,100,762,60960.0,80.0,0.8,"Alere Medical Co., Ltd.",Yes,362,7060.97,75.41
11990,104-CI-T01,Pre-PQ Process,SO-27531,DN-1314,Côte d'Ivoire,PMO - US,From RDC,N/A - From RDC,Air,Date Not Captured,N/A - From RDC,14-Jul-09,14-Jul-09,14-Jul-09,ARV,Adult,SCMS from RDC,"Efavirenz 600mg, tablets, 30 Tabs",Efavirenz,Generic,600mg,Tablet,30,26710,259621.2,9.72,0.32,"Emcure Plot No.P-2, I.T-B.T. Park, Phase II, MIDC, Hinjwadi, Pune, India",Yes,1866,6111.2,508.86
11629,112-NG-T01,Pre-PQ Process,SO-20961,DN-1165,Nigeria,PMO - US,From RDC,N/A - From RDC,Air,Pre-PQ Process,N/A - From RDC,2-Apr-09,2-Apr-09,2-Apr-09,ARV,Adult,SCMS from RDC,"Emtricitabine/Tenofovir Disoproxil Fumarate 200/300mg [Truvada], tablets, 30 Tabs",Emtricitabine/Tenofovir Disoproxil Fumarate,Truvada,300/200mg,Tablet - FDC,30,50,1312.5,26.25,0.88,"Aspen-OSD, Port Elizabeth, SA",Yes,5,286.65,2.57
82316,114-UG-T30,FPQ-5239,SO-36150,DN-1796,Uganda,PMO - US,From RDC,N/A - From RDC,Air,3/2/10,N/A - From RDC,9-Jun-10,3-May-10,3-May-10,ARV,Adult,SCMS from RDC,"Lamivudine/Nevirapine/Zidovudine 150/200/300mg, tablets, 60 Tabs",Lamivudine/Nevirapine/Zidovudine,Generic,150/300/200mg,Tablet - FDC,60,5218,58545.96,11.22,0.19,"Aurobindo Unit III, India",Yes,617,5194.22,126.23
49498,114-UG-T30,FPQ-10489,SCMS-159290,ASN-16575,Uganda,PMO - US,Direct Drop,CIP,Air,8/24/12,9/7/12,5-Oct-12,5-Oct-12,5-Oct-12,ARV,Adult,MERCK SHARP & DOHME IDEA GMBH (FORMALLY MERCK SHARP & DOHME B.V.),"Raltegravir 400mg [Isentress], tablets, 60 Tabs",Raltegravir,Isentress,400mg,Tablet,60,390,21645.0,55.5,0.92,"MSD, Haarlem, NL",Yes,39,433,30.35
12817,104-CI-T01,Pre-PQ Process,SO-16210,DN-1047,Côte d'Ivoire,PMO - US,From RDC,N/A - From RDC,Air,Pre-PQ Process,N/A - From RDC,19-Jan-09,19-Jan-09,19-Jan-09,ARV,Adult,SCMS from RDC,"Nevirapine 200mg, tablets, 60 Tabs",Nevirapine,Generic,200mg,Tablet,60,4100,13120.0,3.2,0.05,"Aurobindo Unit III, India",No,See DN-1047 (ID#:12215),See DN-1047 (ID#:12215),25.72
84236,110-ZM-T30,FPQ-11553,SO-44472,DN-3052,Zambia,PMO - US,From RDC,N/A - From RDC,Truck,1/28/13,N/A - From RDC,25-Jun-13,15-Mar-13,15-Mar-13,ARV,Adult,SCMS from RDC,"Nevirapine 200mg, tablets, 60 Tabs",Nevirapine,Generic,200mg,Tablet,60,25991,58739.66,2.26,0.04,"Aurobindo Unit III, India",Yes,2504,12315.5,72.66
84024,113-ZW-T30,FPQ-4694,SO-35351,DN-1948,Zimbabwe,PMO - US,From RDC,N/A - From RDC,Air,12/8/09,N/A - From RDC,30-Jul-10,22-Jul-10,22-Jul-10,ARV,Adult,SCMS from RDC,"Zidovudine 300mg, tablets, 60 Tabs",Zidovudine,Generic,300mg,Tablet,60,5880,42394.8,7.21,0.12,"Aurobindo Unit III, India",No,See DN-1948 (ID#:82906),See DN-1948 (ID#:82906),91.4
81496,108-VN-T30,FPQ-12539,SCMS-199750,ASN-22800,Vietnam,PMO - US,Direct Drop,EXW,Air,7/11/13,7/25/13,13-Dec-13,13-Dec-13,13-Dec-13,ARV,Adult,CIPLA LIMITED,"Lamivudine/Nevirapine/Zidovudine 150/200/300mg, tablets, 60 Tabs",Lamivudine/Nevirapine/Zidovudine,Generic,150/300/200mg,Tablet - FDC,60,6238,50527.8,8.1,0.13,"Cipla, Goa, India",Yes,866,1464.24,62.5
83205,114-UG-T30,FPQ-12253,SO-45500,DN-3515,Uganda,PMO - US,From RDC,N/A - From RDC,Air,5/8/13,N/A - From RDC,31-Jan-14,17-Feb-14,4-Mar-14,ARV,Pediatric,SCMS from RDC,"Abacavir/Lamivudine 60/30mg, tablets, 60 Tabs",Abacavir/Lamivudine,Generic,60/30mg,Tablet - FDC,60,1446,5784.0,4.0,0.07,"Aurobindo Unit III, India",Yes,68,790.29,7.15
61186,116-ZA-T30,FPQ-14942,SCMS-259079,ASN-33852,South Africa,PMO - US,Direct Drop,DDP,Truck,9/11/14,10/9/14,24-Aug-15,24-Aug-15,24-Aug-15,ARV,Adult,PHARMACY DIRECT,"Emtricitabine/Tenofovir Disoproxil Fumarate 200/300mg, tablets, 30 Tabs",Emtricitabine/Tenofovir Disoproxil Fumarate,Generic,200/300mg,Tablet - FDC,30,10,234.38,23.44,0.78,"Aurobindo Unit III, India",No,Weight Captured Separately,Freight Included in Commodity Cost,0.24
86283,151-NG-T30,FPQ-4537,SO-35052,DN-1717,Nigeria,PMO - US,From RDC,N/A - From RDC,Air Charter,11/6/09,N/A - From RDC,19-Apr-10,31-Mar-10,31-Mar-10,ARV,Adult,SCMS from RDC,"Lamivudine/Zidovudine 150/300mg, tablets, 60 Tabs",Lamivudine/Zidovudine,Generic,150/300mg,Tablet - FDC,60,10773,94371.48,8.76,0.15,Mylan (formerly Matrix) Nashik,Yes,859,Freight Included in Commodity Cost,203.46
12631,110-ZM-T01,Pre-PQ Process,SO-232,DN-89,Zambia,PMO - US,From RDC,N/A - From RDC,,Pre-PQ Process,N/A - From RDC,4-May-07,4-May-07,4-May-07,HRDT,HIV test,SCMS from RDC,"HIV 1/2, Determine Complete HIV Kit, 100 Tests","HIV 1/2, Determine Complete HIV Kit",Determine,,Test kit,100,600,48000.0,80.0,0.8,ABBVIE GmbH & Co.KG Wiesbaden,No,See DN-89 (ID#:10813),See DN-89 (ID#:10813),
85989,111-MZ-T30,FPQ-11033,SO-43773,DN-3286,Mozambique,PMO - US,From RDC,N/A - From RDC,Truck,11/12/12,N/A - From RDC,9-Oct-13,9-Oct-13,18-Oct-13,ARV,Adult,SCMS from RDC,"Efavirenz/Lamivudine/Tenofovir Disoproxil Fumarate 600/300/300mg, tablets, 30 Tabs",Efavirenz/Lamivudine/Tenofovir Disoproxil Fumarate,Generic,600/300/300mg,Tablet - FDC,30,125320,1318366.4,10.52,0.35,Hetero Unit III Hyderabad IN,Yes,16498,10825.06,1630.82
12714,110-ZM-T01,Pre-PQ Process,SO-626,DN-329,Zambia,PMO - US,From RDC,N/A - From RDC,,Pre-PQ Process,N/A - From RDC,31-Aug-07,31-Aug-07,31-Aug-07,ARV,Adult,SCMS from RDC,"Lopinavir/Ritonavir 200/50mg [Aluvia], tablets, 120 Tabs",Lopinavir/Ritonavir,Aluvia,200/50mg,Tablet,120,4078,167605.8,41.1,0.34,ABBVIE Ludwigshafen Germany,Yes,885,4119.6,268.17
62079,102-MW-T30,FPQ-9454,SCMS-141440,ASN-14813,Malawi,PMO - US,Direct Drop,EXW,Air,3/12/12,3/28/12,21-May-12,21-May-12,21-May-12,HRDT,HIV test,"Trinity Biotech, Plc","HIV 1/2, Uni-Gold HIV Kit, 20 Tests","HIV 1/2, Uni-Gold HIV Kit",Uni-Gold,,Test kit,20,66,2112.0,32.0,1.6,"Trinity Biotech, Plc",Yes,29,732.72,2.96
45608,102-KE-T30,FPQ-3984,SCMS-50870,ASN-4770,Kenya,PMO - US,Direct Drop,EXW,Air,7/20/09,7/31/09,11-Sep-09,11-Sep-09,11-Sep-09,HRDT,HIV test,"Trinity Biotech, Plc","HIV 1/2, Uni-Gold HIV Kit, 20 Tests","HIV 1/2, Uni-Gold HIV Kit",Uni-Gold,,Test kit,20,500,16000.0,32.0,1.6,"Trinity Biotech, Plc",Yes,170,2865.63,31.36
41304,103-ZW-T30,FPQ-15220,SCMS-261580,ASN-31449,Zimbabwe,PMO - US,Direct Drop,FCA,Air,10/27/14,10/30/14,22-Apr-15,22-Apr-15,23-Apr-15,ARV,Pediatric,ABBVIE LOGISTICS (FORMERLY ABBOTT LOGISTICS BV),"Lopinavir/Ritonavir 100/25mg [Aluvia], tablets, 60 Tabs",Lopinavir/Ritonavir,Generic,100/25mg,Tablet,60,19922,118336.68,5.94,0.1,ABBVIE Ludwigshafen Germany,Yes,3991,34670.93,139.28
43537,116-ZA-T30,FPQ-14942,SCMS-259075,ASN-32137,South Africa,PMO - US,Direct Drop,DDP,Truck,9/11/14,5/11/15,12-May-15,12-May-15,12-May-15,ARV,Adult,PHARMACY DIRECT,"Saquinavir 200mg [Invirase], capsules, 270 Caps",Saquinavir,Invirase,200mg,Capsule,270,27,1498.82,55.51,0.21,Roche Madrid,No,Weight Captured Separately,Freight Included in Commodity Cost,1.54
11222,112-NG-T01,Pre-PQ Process,SO-1570,DN-535,Nigeria,PMO - US,From RDC,N/A - From RDC,Air,Pre-PQ Process,N/A - From RDC,9-Jan-08,9-Jan-08,9-Jan-08,ARV,Adult,SCMS from RDC,"Lamivudine/Nevirapine/Stavudine 150/200/30mg, tablets, 60 Tabs",Lamivudine/Nevirapine/Stavudine,Generic,150/200/30mg,Tablet - FDC,60,2925,21645.0,7.4,0.12,"Cipla, Goa, India",No,See DN-535 (ID#:10658),See DN-535 (ID#:10658),34.63
83644,104-CI-T30,FPQ-9749,SO-42370,DN-2970,Côte d'Ivoire,PMO - US,From RDC,N/A - From RDC,Truck,4/19/12,N/A - From RDC,31-Jan-13,25-Jan-12,25-Jan-13,ARV,Adult,SCMS from RDC,"Lamivudine/Nevirapine/Zidovudine 150/200/300mg, tablets, 60 Tabs",Lamivudine/Nevirapine/Zidovudine,Generic,150/300/200mg,Tablet - FDC,60,9577,92130.74,9.62,0.16,"Aurobindo Unit III, India",Yes,6889,24138.35,129.17
33615,116-ZA-T30,FPQ-12522,SCMS-199289,ASN-28037,South Africa,PMO - US,Direct Drop,DDP,Truck,7/11/13,8/29/14,29-Aug-14,29-Aug-14,29-Aug-14,ARV,Adult,S. BUYS WHOLESALER,"Nevirapine 200mg, tablets, 60 Tabs",Nevirapine,Generic,200mg,Tablet,60,83,1624.98,19.58,0.33,"Aurobindo Unit III, India",No,Weight Captured Separately,Freight Included in Commodity Cost,2.01
86156,103-ZW-T30,FPQ-14459,SO-49180,DN-4072,Zimbabwe,PMO - US,From RDC,N/A - From RDC,Truck,6/13/14,N/A - From RDC,30-Jan-15,12-Jan-15,21-Jan-15,ARV,Pediatric,SCMS from RDC,"Lamivudine/Zidovudine 30/60mg, dispersible tablets, 60 Tabs",Lamivudine/Zidovudine,Generic,30/60mg,Chewable/dispersible tablet - FDC,60,30457,60609.43,1.99,0.03,"Mylan,  H-12 & H-13, India",Yes,2375,6819.95,62.31
533,116-ZA-T01,Pre-PQ Process,SCMS-23500,ASN-2293,South Africa,PMO - US,Direct Drop,DDP,Truck,Pre-PQ Process,Date Not Captured,20-Aug-08,8-May-08,8-May-08,ARV,Pediatric,S. BUYS WHOLESALER,"Stavudine 1mg/ml [Zerit], powder for oral solution, Bottle, 200 ml",Stavudine,Zerit,1mg/ml,Powder for oral solution,200,670,1025.1,1.53,0.01,"BMS Meymac, France",No,Weight Captured Separately,Freight Included in Commodity Cost,1.64
9038,116-ZA-T01,Pre-PQ Process,SCMS-41150,ASN-3759,South Africa,PMO - US,Direct Drop,DDP,Air,Pre-PQ Process,Date Not Captured,1-Apr-09,21-Nov-08,21-Nov-08,ARV,Pediatric,S. BUYS WHOLESALER,"Lopinavir/Ritonavir 80/20mg/ml [Kaletra], oral solution, cool, Bottle 5 x 60 ml",Lopinavir/Ritonavir,Kaletra,80/20mg/ml,Oral solution,300,80,2388.8,29.86,0.1,ABBVIE (Abbott) Logis. UK,No,Weight Captured Separately,Freight Included in Commodity Cost,4.68
84564,113-ZW-T30,FPQ-4472,SO-35910,DN-1831,Zimbabwe,PMO - US,From RDC,N/A - From RDC,Air,3/17/09,N/A - From RDC,28-May-10,31-May-10,31-May-10,ARV,Adult,SCMS from RDC,"Lamivudine/Nevirapine/Stavudine 150/200/30mg, tablets, 60 Tabs",Lamivudine/Nevirapine/Stavudine,Generic,150/200/30mg,Tablet - FDC,60,47390,277231.5,5.85,0.1,"Cipla, Goa, India",Yes,7112,3833.17,543.37
83133,102-BI-T30,FPQ-11661,SO-44670,DN-3118,Burundi,PMO - US,From RDC,N/A - From RDC,Air,2/20/13,N/A - From RDC,31-May-13,23-May-13,23-May-13,ARV,Adult,SCMS from RDC,"Lamivudine/Zidovudine 150/300mg, tablets, 60 Tabs",Lamivudine/Zidovudine,Generic,150/300mg,Tablet - FDC,60,2940,21373.8,7.27,0.12,Hetero Unit III Hyderabad IN,No,See DN-3118 (ID#:82569),See DN-3118 (ID#:82569),26.44
84388,107-RW-T30,FPQ-14111,SO-48811,DN-3814,Rwanda,PMO - US,From RDC,N/A - From RDC,Truck,4/22/14,N/A - From RDC,31-Dec-14,14-Aug-14,15-Aug-14,ARV,Pediatric,SCMS from RDC,"Abacavir 20mg/ml, oral solution w/syringe, Bottle, 240 ml",Abacavir,Generic,20mg/ml,Oral solution,240,800,6800.0,8.5,0.04,"Aurobindo Unit III, India",Yes,297,2282.79,6.99
24297,101-CD-T30,FPQ-14244,SCMS-240240,ASN-26540,"Congo, DRC",PMO - US,Direct Drop,EXW,Air,5/15/14,5/23/14,9-Oct-14,9-Oct-14,21-Oct-14,ANTM,Malaria,AMSTELFARMA B.V.,"Sulfadoxine/Pyrimethamine 500/25mg, tablets, 1000 Tabs",Sulfadoxine/Pyrimethamine,Generic,500/25mg,Tablet - FDC,1000,1070,25680.0,24.0,0.02,"Micro Labs, Hosur, India",Yes,902,5914,26.4
83977,110-ZM-T30,FPQ-4273,SO-33690,DN-1643,Zambia,PMO - US,From RDC,N/A - From RDC,Truck,9/17/09,N/A - From RDC,15-Mar-10,5-Mar-10,5-Mar-10,ARV,Adult,SCMS from RDC,"Lamivudine/Nevirapine/Stavudine 150/200/30mg, tablets, 60 Tabs",Lamivudine/Nevirapine/Stavudine,Generic,150/200/30mg,Tablet - FDC,60,20602,133294.94,6.47,0.11,"Cipla, Goa, India",No,See DN-1643 (ID#:82293),See DN-1643 (ID#:82293),261.26
80363,114-UG-T30,FPQ-13116,SCMS-220810,ASN-24339,Uganda,PMO - US,Direct Drop,EXW,Air,10/23/13,12/27/13,27-Feb-14,27-Feb-14,10-Mar-14,ARV,Pediatric,Aurobindo Pharma Limited,"Nevirapine 50mg, dispersible tablets (tablets for oral suspension), 30 Tabs",Nevirapine,Generic,50mg,Chewable/dispersible tablet,30,1200,1500.0,1.25,0.04,"Aurobindo Unit III, India",Yes,64,896.35,1.54
11969,111-MZ-T01,Pre-PQ Process,SO-30440,DN-1231,Mozambique,PMO - US,From RDC,N/A - From RDC,Truck,Pre-PQ Process,N/A - From RDC,28-Jun-09,28-Jun-09,28-Jun-09,ARV,Adult,SCMS from RDC,"Stavudine 30mg, capsules, 60 Caps",Stavudine,Generic,30mg,Capsule,60,630,938.7,1.49,0.02,"Strides, Bangalore, India.",No,See DN-1231 (ID#:11044),See DN-1231 (ID#:11044),1.84
11031,113-ZW-T01,Pre-PQ Process,SO-18110,DN-1168,Zimbabwe,PMO - US,From RDC,N/A - From RDC,Truck,Pre-PQ Process,N/A - From RDC,27-Apr-09,27-Apr-09,27-Apr-09,ARV,Adult,SCMS from RDC,"Efavirenz 600mg, tablets, 30 Tabs",Efavirenz,Generic,600mg,Tablet,30,4000,48040.0,12.01,0.4,"Aurobindo Unit III, India",Yes,8523,35673.58,94.16
85771,100-GH-T30,FPQ-7799,SO-39930,DN-2260,Ghana,PMO - US,From RDC,N/A - From RDC,Air,6/6/11,N/A - From RDC,4-Jul-11,20-Jul-11,20-Jul-11,ARV,Adult,SCMS from RDC,"Nevirapine 200mg, tablets, 60 Tabs",Nevirapine,Generic,200mg,Tablet,60,25509,64027.59,2.51,0.04,Hetero Unit III Hyderabad IN,Yes,2216,226.25,105.65
4460,108-VN-T01,Pre-PQ Process,SCMS-23450,ASN-2336,Vietnam,PMO - US,Direct Drop,EXW,Air,Pre-PQ Process,5/14/08,19-Sep-08,19-Sep-08,19-Sep-08,ARV,Adult,MYLAN LABORATORIES LTD (FORMERLY MATRIX LABORATORIES),"Efavirenz 600mg, tablets, 30 Tabs",Efavirenz,Generic,600mg,Tablet,30,10080,103219.2,10.24,0.34,Mylan (formerly Matrix) Nashik,No,See ASN-2336 (ID#:530),See ASN-2336 (ID#:530),165.15
85361,151-NG-T30,FPQ-11022,SO-43845,DN-3140,Nigeria,PMO - US,From RDC,N/A - From RDC,Air Charter,11/15/12,N/A - From RDC,21-May-13,2-May-13,2-May-13,ARV,Pediatric,SCMS from RDC,"Lamivudine/Zidovudine 30/60mg, tablets, 60 Tabs",Lamivudine/Zidovudine,Generic,30/60mg,Tablet - FDC,60,9627,21757.02,2.26,0.04,"Aurobindo Unit III, India",Yes,486,14547.55,26.91
12813,110-ZM-T01,Pre-PQ Process,SO-2484,DN-976,Zambia,PMO - US,From RDC,N/A - From RDC,Truck,Pre-PQ Process,N/A - From RDC,7-Nov-08,7-Nov-08,7-Nov-08,ARV,Adult,SCMS from RDC,"Efavirenz 600mg, tablets, 30 Tabs",Efavirenz,Generic,600mg,Tablet,30,35000,420350.0,12.01,0.4,Mylan (formerly Matrix) Nashik,Yes,2641,2938.92,823.89
84922,104-CI-T30,FPQ-13142,SO-47150,DN-3656,Côte d'Ivoire,PMO - US,From RDC,N/A - From RDC,Truck,10/22/13,N/A - From RDC,30-Apr-14,22-Apr-14,11-Jun-14,ARV,Adult,SCMS from RDC,"Lamivudine/Nevirapine/Zidovudine 150/200/300mg, tablets, 60 Tabs",Lamivudine/Nevirapine/Zidovudine,Generic,150/300/200mg,Tablet - FDC,60,75235,610155.85,8.11,0.14,"Strides, Bangalore, India.",Yes,9080,34551.83,627.24
85306,107-RW-T30,FPQ-9888,SO-42100,DN-2859,Rwanda,PMO - US,From RDC,N/A - From RDC,Air,5/11/12,N/A - From RDC,19-Oct-12,18-Oct-12,18-Oct-12,ARV,Adult,SCMS from RDC,"Lamivudine/Tenofovir Disoproxil Fumarate 300/300mg, tablets, 30 Tabs",Lamivudine/Tenofovir Disoproxil Fumarate,Generic,300/300mg,Tablet - FDC,30,11492,63665.68,5.54,0.18,"Cipla, Kurkumbh, India",No,See DN-2859 (ID#:82512),See DN-2859 (ID#:82512),89.26
5717,116-ZA-T01,Pre-PQ Process,SCMS-21460,ASN-1667,South Africa,PMO - US,Direct Drop,DDP,,Pre-PQ Process,4/4/08,25-Apr-08,7-Apr-08,7-Apr-08,ARV,Adult,S. BUYS WHOLESALER,"Nevirapine 200mg [Viramune], tablets, 60 Tabs",Nevirapine,Viramune,200mg,Tablet,60,100,2030.0,20.3,0.34,"BI, Ingelheim, Germany",No,Weight Captured Separately,Freight Included in Commodity Cost,3.25
38590,107-RW-T30,FPQ-4954,SCMS-64480,ASN-7476,Rwanda,PMO - US,Direct Drop,CIP,Air,1/29/10,2/9/10,13-Jul-10,13-Jul-10,13-Jul-10,ARV,Adult,Aurobindo Pharma Limited,"Didanosine 250mg, delayed-release capsules, 30 Caps",Didanosine,Generic,250mg,Delayed-release capsules,30,599,7966.7,13.3,0.44,"Aurobindo Unit III, India",Yes,41,717,17.18
51641,116-ZA-T30,FPQ-13035,SCMS-215370,ASN-24415,South Africa,PMO - US,Direct Drop,DDP,Truck,10/8/13,12/2/13,6-Feb-14,6-Feb-14,6-Feb-14,ARV,Pediatric,S. BUYS WHOLESALER,"Abacavir 20mg/ml [Ziagen], oral solution, Bottle, 240 ml",Abacavir,Ziagen,20mg/ml,Oral solution,240,6,144.28,24.05,0.1,GSK Mississauga (Canada),No,Weight Captured Separately,Freight Included in Commodity Cost,0.18
85279,114-UG-T30,FPQ-9355,SO-41593,DN-2744,Uganda,PMO - US,From RDC,N/A - From RDC,Truck,2/20/12,N/A - From RDC,5-Sep-12,26-Jul-12,26-Jul-12,ARV,Adult,SCMS from RDC,"Lamivudine 150mg, tablets, 60 Tabs",Lamivudine,Generic,150mg,Tablet,60,834,1851.48,2.22,0.04,Macleods Daman Plant INDIA,No,See DN-2744 (ID#:82490),See DN-2744 (ID#:82490),2.6
12155,106-HT-T01,Pre-PQ Process,SO-1288,DN-445,Haiti,PMO - US,From RDC,N/A - From RDC,Air,Pre-PQ Process,N/A - From RDC,22-Jan-08,22-Jan-08,22-Jan-08,ARV,Adult,SCMS from RDC,"Lamivudine 150mg, tablets, 60 Tabs",Lamivudine,Generic,150mg,Tablet,60,5000,15200.0,3.04,0.05,"Ranbaxy, Paonta Shahib, India",No,See DN-445 (ID#:10640),See DN-445 (ID#:10640),24.32
21061,111-MZ-T30,FPQ-4108,SCMS-52430,ASN-5474,Mozambique,PMO - US,Direct Drop,FCA,Air,8/20/09,9/3/09,23-Nov-09,23-Nov-09,23-Nov-09,ARV,Adult,Hoffmann-La Roche ltd Basel,"Saquinavir 200mg [Invirase], capsules, 270 Caps",Saquinavir,Invirase,200mg,Capsule,270,168,15864.66,94.43,0.35,Roche Basel,Yes,86,1242.33,31.09
63576,101-CD-T30,FPQ-14100,SCMS-239410,ASN-26738,"Congo, DRC",PMO - US,Direct Drop,EXW,Air,4/23/14,5/20/14,5-Sep-14,5-Sep-14,16-Sep-14,HRDT,HIV test,"Trinity Biotech, Plc","HIV 1/2, Uni-Gold HIV Kit, 20 Tests","HIV 1/2, Uni-Gold HIV Kit",Uni-Gold,,Test kit,20,90,2880.0,32.0,1.6,"Trinity Biotech, Plc",No,See ASN-26738 (ID#:15115),See ASN-26738 (ID#:15115),2.96
63064,133-NG-T30,FPQ-12456,SCMS-196561,ASN-22347,Nigeria,PMO - US,Direct Drop,EXW,Air,6/10/13,7/10/13,7-Nov-13,7-Nov-13,17-Nov-13,HRDT,HIV test,"Orgenics, Ltd","HIV 1/2, Determine Complete HIV Kit, 100 Tests","HIV 1/2, Determine Complete HIV Kit",Determine,,Test kit,100,3023,269047.0,89.0,0.89,"Alere Medical Co., Ltd.",Yes,1221,19891.2,332.81
85457,109-TZ-T30,FPQ-13566,SO-47653,DN-3629,Tanzania,PMO - US,From RDC,N/A - From RDC,Truck,1/15/14,N/A - From RDC,30-Jun-14,15-Aug-14,8-Sep-14,ARV,Adult,SCMS from RDC,"Efavirenz/Emtricitabine/Tenofovir Disoproxil Fumarate 600/200/300mg, tablets, 30 Tabs",Efavirenz/Emtricitabine/Tenofovir Disoproxil Fumarate,Generic,600/200/300mg,Tablet - FDC,30,76134,905233.26,11.89,0.4,"Hetero, Jadcherla, unit 5, IN",Yes,9400,43758.8,930.58
85088,104-CI-T30,FPQ-4659,SO-35820,DN-1647,Côte d'Ivoire,PMO - US,From RDC,N/A - From RDC,Air,12/8/09,N/A - From RDC,10-May-10,19-Feb-10,19-Feb-10,ARV,Adult,SCMS from RDC,"Nevirapine 200mg, tablets, 60 Tabs",Nevirapine,Generic,200mg,Tablet,60,9876,26961.48,2.73,0.05,"Aurobindo Unit III, India",Yes,941,7779.96,58.13
5147,119-NA-T01,Pre-PQ Process,SCMS-44970,ASN-4081,Namibia,PMO - US,Direct Drop,EXW,Air,Pre-PQ Process,4/29/09,27-May-09,27-May-09,27-May-09,HRDT,HIV test,"Trinity Biotech, Plc","HIV 1/2, Uni-Gold HIV Kit, 20 Tests","HIV 1/2, Uni-Gold HIV Kit",Uni-Gold,,Test kit,20,6760,216320.0,32.0,1.6,"Trinity Biotech, Plc",Yes,2261,17643.81,423.99
12845,100-PK-T01,Pre-PQ Process,SO-22440,DN-1147,Pakistan,PMO - US,From RDC,N/A - From RDC,Air,Pre-PQ Process,N/A - From RDC,1-Apr-09,1-Apr-09,1-Apr-09,HRDT,HIV test,SCMS from RDC,"HIV 1/2, Determine Complete HIV Kit, 100 Tests","HIV 1/2, Determine Complete HIV Kit",Determine,,Test kit,100,28,2800.0,100.0,1.0,Inverness Japan,No,See DN-1147 (ID#:11610),See DN-1147 (ID#:11610),5.49
32372,114-UG-T30,FPQ-11153,SCMS-171900,ASN-18877,Uganda,PMO - US,Direct Drop,FCA,Air,12/13/12,1/11/13,9-Apr-13,9-Apr-13,9-Apr-13,ARV,Pediatric,ABBVIE LOGISTICS (FORMERLY ABBOTT LOGISTICS BV),"Lopinavir/Ritonavir 100/25mg [Aluvia], tablets, 60 Tabs",Lopinavir/Ritonavir,Generic,100/25mg,Tablet,60,6390,37956.6,5.94,0.1,ABBVIE Ludwigshafen Germany,Yes,733,6255.87,46.95
85230,101-CD-T30,FPQ-8840,SO-41146,DN-2510,"Congo, DRC",PMO - US,From RDC,N/A - From RDC,Air,11/21/11,N/A - From RDC,16-Mar-12,23-Mar-12,23-Mar-12,ARV,Adult,SCMS from RDC,"Zidovudine 300mg, tablets, 60 Tabs",Zidovudine,Generic,300mg,Tablet,60,105,737.1,7.02,0.12,Hetero Unit III Hyderabad IN,No,See DN-2510 (ID#:82442),See DN-2510 (ID#:82442),1.03
86461,114-UG-T30,FPQ-9321,SO-41521,DN-2596,Uganda,PMO - US,From RDC,N/A - From RDC,Truck,2/10/12,N/A - From RDC,24-Apr-12,3-Apr-12,3-Apr-12,ARV,Adult,SCMS from RDC,"Efavirenz 600mg, tablets, 30 Tabs",Efavirenz,Generic,600mg,Tablet,30,1150,4738.0,4.12,0.14,"Strides, Bangalore, India.",Yes,70,1494.6,6.64
84518,151-NG-T30,FPQ-4105,SO-33143,DN-1564,Nigeria,PMO - US,From RDC,N/A - From RDC,Air Charter,8/13/09,N/A - From RDC,18-Dec-09,18-Dec-09,18-Dec-09,ARV,Adult,SCMS from RDC,"Emtricitabine/Tenofovir Disoproxil Fumarate 200/300mg, tablets, 30 Tabs",Emtricitabine/Tenofovir Disoproxil Fumarate,Generic,200/300mg,Tablet - FDC,30,63732,748851.0,11.75,0.39,Mylan (formerly Matrix) Nashik,Yes,5144,11637.64,1467.75
39971,108-VN-T30,FPQ-10286,SCMS-155700,ASN-17019,Vietnam,PMO - US,Direct Drop,FCA,Air,7/25/12,8/14/12,11-Dec-12,11-Dec-12,11-Dec-12,ARV,Pediatric,ABBVIE LOGISTICS (FORMERLY ABBOTT LOGISTICS BV),"Lopinavir/Ritonavir 100/25mg [Aluvia], tablets, 60 Tabs",Lopinavir/Ritonavir,Generic,100/25mg,Tablet,60,104,1581.84,15.21,0.25,ABBVIE Ludwigshafen Germany,Yes,18,612.07,2.22
80559,114-UG-T30,FPQ-10558,SCMS-160440,ASN-16895,Uganda,PMO - US,Direct Drop,EXW,Air,8/24/12,9/26/12,9-Nov-12,9-Nov-12,9-Nov-12,ARV,Adult,MYLAN LABORATORIES LTD (FORMERLY MATRIX LABORATORIES),"Atazanavir/Ritonavir 300/100mg, tablets, 30 Tabs",Atazanavir/Ritonavir,Generic,300/100mg,Tablet,30,170,3825.0,22.5,0.75,Mylan (formerly Matrix) Nashik,Yes,22,1051.5,5.36
53591,117-ET-T30,FPQ-9098,SCMS-133510,ASN-14558,Ethiopia,PMO - US,Direct Drop,EXW,Air,1/10/12,1/23/12,25-Apr-12,25-Apr-12,25-Apr-12,HRDT,HIV test,"Trinity Biotech, Plc","HIV 1/2, Uni-Gold HIV Kit, 20 Tests","HIV 1/2, Uni-Gold HIV Kit",Uni-Gold,,Test kit,20,165,5280.0,32.0,1.6,"Trinity Biotech, Plc",Yes,138,794.72,7.4
24581,116-ZA-T30,FPQ-14942,SCMS-259075,ASN-32138,South Africa,PMO - US,Direct Drop,DDP,Truck,9/11/14,5/11/15,12-May-15,12-May-15,12-May-15,ARV,Adult,PHARMACY DIRECT,"Etravirine 100mg [Intelence], tablets, 120 Tabs",Etravirine,Intelence,100mg,Tablet,120,3,76.78,25.59,0.21,"Janssen-Cilag, Latina, IT",No,Weight Captured Separately,Freight Included in Commodity Cost,0.08
85924,114-UG-T30,FPQ-10556,SO-43160,DN-2952,Uganda,PMO - US,From RDC,N/A - From RDC,Air,8/30/12,N/A - From RDC,2-Feb-13,2-Feb-13,2-Feb-13,ARV,Adult,SCMS from RDC,"Lamivudine/Nevirapine/Zidovudine 150/200/300mg, tablets, 60 Tabs",Lamivudine/Nevirapine/Zidovudine,Generic,150/300/200mg,Tablet - FDC,60,3235,31120.7,9.62,0.16,Hetero Unit III Hyderabad IN,No,See DN-2952 (ID#:82537),See DN-2952 (ID#:82537),43.63
81061,116-ZA-T30,FPQ-13973,SCMS-238554,ASN-28626,South Africa,PMO - US,Direct Drop,DDP,Truck,4/30/14,10/3/14,3-Oct-14,3-Oct-14,3-Oct-14,ARV,Adult,PHARMACY DIRECT,"Saquinavir 200mg [Invirase], capsules, 270 Caps",Saquinavir,Invirase,200mg,Capsule,270,30,2304.67,76.82,0.28,Roche Basel,No,Weight Captured Separately,Freight Included in Commodity Cost,2.37
86205,151-NG-T30,FPQ-14989,SO-51423,DN-4275,Nigeria,PMO - US,From RDC,N/A - From RDC,Air Charter,9/19/14,N/A - From RDC,30-Jun-15,15-May-15,22-May-15,ARV,Adult,SCMS from RDC,"Lamivudine/Nevirapine/Zidovudine 150/200/300mg, tablets, 60 Tabs",Lamivudine/Nevirapine/Zidovudine,Generic,150/300/200mg,Tablet - FDC,60,178329,1376699.88,7.72,0.13,"Hetero, Jadcherla, unit 5, IN",No,See DN-4275 (ID#:83337),See DN-4275 (ID#:83337),1415.25
3746,116-ZA-T01,Pre-PQ Process,SCMS-41080,ASN-3637,South Africa,PMO - US,Direct Drop,DDP,Air,Pre-PQ Process,Date Not Captured,26-May-09,22-Jan-09,22-Jan-09,ARV,Pediatric,S. BUYS WHOLESALER,"Stavudine 1mg/ml, powder for oral solution, 200 ml",Stavudine,Generic,1mg/ml,Oral solution,200,3000,5970.0,1.99,0.01,"Aurobindo Unit III, India",Yes,Weight Captured Separately,Freight Included in Commodity Cost,11.7
83728,151-NG-T30,FPQ-11864,SO-44932,DN-3366,Nigeria,PMO - US,From RDC,N/A - From RDC,Air Charter,3/14/13,N/A - From RDC,31-Oct-13,14-Oct-13,24-Oct-13,ARV,Adult,SCMS from RDC,"Lamivudine/Nevirapine/Zidovudine 150/200/300mg, tablets, 60 Tabs",Lamivudine/Nevirapine/Zidovudine,Generic,150/300/200mg,Tablet - FDC,60,75000,643500.0,8.58,0.14,Hetero Unit III Hyderabad IN,No,See DN-3366 (ID#:82612),See DN-3366 (ID#:82612),796.01
82341,107-RW-T30,FPQ-5394,SO-36581,DN-1950,Rwanda,PMO - US,From RDC,N/A - From RDC,Air,3/25/10,N/A - From RDC,30-Aug-10,3-Aug-10,3-Aug-10,ARV,Adult,SCMS from RDC,"Lamivudine/Nevirapine/Zidovudine 150/200/300mg, tablets, 60 Tabs",Lamivudine/Nevirapine/Zidovudine,Generic,150/300/200mg,Tablet - FDC,60,44131,495149.82,11.22,0.19,"Aurobindo Unit III, India",Yes,5364,81670.57,1067.54
46355,106-HT-T30,FPQ-14083,SCMS-240200,ASN-27005,Haiti,PMO - US,Direct Drop,EXW,Air,5/11/14,6/2/14,25-Aug-14,25-Aug-14,28-Aug-14,ARV,Adult,MYLAN LABORATORIES LTD (FORMERLY MATRIX LABORATORIES),"Tenofovir Disoproxil Fumarate 300mg, tablets, 30 Tabs",Tenofovir Disoproxil Fumarate,Generic,300mg,Tablet,30,58,232.0,4.0,0.13,Mylan (formerly Matrix) Nashik,Yes,19,1274.35,0.24
84676,109-TZ-T30,FPQ-6713,SO-40710,DN-2375,Tanzania,PMO - US,From RDC,N/A - From RDC,Truck,12/2/10,N/A - From RDC,29-Sep-11,23-Sep-11,23-Sep-11,ARV,Adult,SCMS from RDC,"Efavirenz/Emtricitabine/Tenofovir Disoproxil Fumarate 600/200/300mg, tablets, 30 Tabs",Efavirenz/Emtricitabine/Tenofovir Disoproxil Fumarate,Generic,600/200/300mg,Tablet - FDC,30,68235,1359241.2,19.92,0.66,Mylan (formerly Matrix) Nashik,Yes,83,2094.34,2242.75
83376,104-CI-T30,FPQ-3964,SO-33070,DN-1511,Côte d'Ivoire,PMO - US,From RDC,N/A - From RDC,Air,7/24/09,N/A - From RDC,10-Dec-09,5-Nov-09,5-Nov-09,ARV,Adult,SCMS from RDC,"Lamivudine/Stavudine 150/30mg, tablets, 60 Tabs",Lamivudine/Stavudine,Generic,150/30mg,Tablet - FDC,60,940,3290.0,3.5,0.06,Mylan (formerly Matrix) Nashik,Yes,69,5028.05,6.45
56716,108-VN-T30,FPQ-15692,SCMS-274390,ASN-32265,Vietnam,PMO - US,Direct Drop,EXW,Air,1/28/15,2/17/15,10-Jul-15,10-Jul-15,10-Jul-15,ARV,Adult,HETERO LABS LIMITED,"Efavirenz/Lamivudine/Tenofovir Disoproxil Fumarate 600/300/300mg, tablets, 30 Tabs",Efavirenz/Lamivudine/Tenofovir Disoproxil Fumarate,Generic,600/300/300mg,Tablet - FDC,30,6816,68160.0,10.0,0.33,Hetero Unit III Hyderabad IN,Yes,2541,5489.55,80.22
28204,161-ZA-T30,FPQ-5648,SCMS-75980,ASN-8698,South Africa,PMO - US,Direct Drop,DDP,Ocean,6/2/10,6/17/10,20-Dec-10,20-Dec-10,20-Dec-10,ARV,Adult,Aurobindo Pharma Limited,"Tenofovir Disoproxil Fumarate 300mg, tablets, 30 Tabs",Tenofovir Disoproxil Fumarate,Generic,300mg,Tablet,30,88289,610076.99,6.91,0.23,"Aurobindo Unit III, India",Yes,7540,5460.48,1315.33
86553,113-ZW-T30,FPQ-10632,SO-43210,DN-3030,Zimbabwe,PMO - US,From RDC,N/A - From RDC,Truck,9/11/12,N/A - From RDC,14-Mar-13,14-Mar-13,14-Mar-13,ARV,Adult,SCMS from RDC,"Lamivudine/Tenofovir Disoproxil Fumarate 300/300mg, tablets, 30 Tabs",Lamivudine/Tenofovir Disoproxil Fumarate,Generic,300/300mg,Tablet - FDC,30,20519,96439.3,4.7,0.16,"Aurobindo Unit VII, IN",No,See DN-3030 (ID#:82549),See DN-3030 (ID#:82549),135.21
86320,151-NG-T30,FPQ-5023,SO-36438,DN-1957,Nigeria,PMO - US,From RDC,N/A - From RDC,Air Charter,2/10/10,N/A - From RDC,16-Aug-10,17-Aug-10,17-Aug-10,ARV,Adult,SCMS from RDC,"Lamivudine/Nevirapine/Zidovudine 150/200/300mg, tablets, 60 Tabs",Lamivudine/Nevirapine/Zidovudine,Generic,150/300/200mg,Tablet - FDC,60,40750,457215.0,11.22,0.19,"Aurobindo Unit III, India",Yes,5366,6147.18,985.76
11888,106-HT-T01,Pre-PQ Process,SO-1287,DN-640,Haiti,PMO - US,From RDC,N/A - From RDC,Air,Pre-PQ Process,N/A - From RDC,4-Mar-08,4-Mar-08,4-Mar-08,ARV,Adult,SCMS from RDC,"Lamivudine 150mg, tablets, 60 Tabs",Lamivudine,Generic,150mg,Tablet,60,2871,8727.84,3.04,0.05,"Aurobindo Unit III, India",Yes,144,2504.44,13.96
9578,106-HT-T01,Pre-PQ Process,SCMS-16700,ASN-1327,Haiti,PMO - US,Direct Drop,EXW,Air,Pre-PQ Process,2/4/08,18-Feb-08,18-Feb-08,18-Feb-08,HRDT,HIV test,"Trinity Biotech, Plc","HIV 1/2, Capillus HIV Kit, 100 Tests","HIV 1/2, Capillus HIV Kit",Capillus,,Test kit,100,250,34750.0,139.0,1.39,"Trinity Biotech, Plc",Yes,Weight Captured Separately,Invoiced Separately,55.6
84213,107-RW-T30,FPQ-9969,SO-42431,DN-2976,Rwanda,PMO - US,From RDC,N/A - From RDC,Air,5/25/12,N/A - From RDC,7-Feb-13,7-Feb-13,7-Feb-13,ARV,Adult,SCMS from RDC,"Efavirenz/Lamivudine/Tenofovir Disoproxil Fumarate 600/300/300mg, tablets, 30 Tabs",Efavirenz/Lamivudine/Tenofovir Disoproxil Fumarate,Generic,600/300/300mg,Tablet - FDC,30,112007,1356404.77,12.11,0.4,Mylan (formerly Matrix) Nashik,Yes,12757,20994.85,1901.68
83762,111-MZ-T30,FPQ-12416,SO-45897,DN-3535,Mozambique,PMO - US,From RDC,N/A - From RDC,Truck,6/28/13,N/A - From RDC,31-Jan-14,19-Feb-14,19-Mar-14,ARV,Adult,SCMS from RDC,"Lamivudine/Nevirapine/Zidovudine 150/200/300mg, tablets, 60 Tabs",Lamivudine/Nevirapine/Zidovudine,Generic,150/300/200mg,Tablet - FDC,60,145400,1247532.0,8.58,0.14,Mylan (formerly Matrix) Nashik,Yes,10673,15392.43,1543.2
84026,117-ET-T30,FPQ-5967,SO-37100,DN-1951,Ethiopia,PMO - US,From RDC,N/A - From RDC,Air,6/28/10,N/A - From RDC,21-Sep-10,19-Jul-10,19-Jul-10,ARV,Adult,SCMS from RDC,"Lamivudine/Nevirapine/Stavudine 150/200/30mg, tablets, 60 Tabs",Lamivudine/Nevirapine/Stavudine,Generic,150/200/30mg,Tablet - FDC,60,29315,167974.95,5.73,0.1,"Cipla, Goa, India",Yes,3931,13215.67,362.15
48500,107-RW-T30,FPQ-6341,SCMS-84980,ASN-9370,Rwanda,PMO - US,Direct Drop,EXW,Ocean,9/3/10,9/28/10,1-Mar-11,1-Mar-11,1-Mar-11,ARV,Adult,HETERO LABS LIMITED,"Nevirapine 200mg, tablets, 60 Tabs",Nevirapine,Generic,200mg,Tablet,60,176100,427923.0,2.43,0.04,Hetero Unit III Hyderabad IN,Yes,24219,23736.39,922.6
6488,123-NG-T01,Pre-PQ Process,SCMS-43910,ASN-4959,Nigeria,PMO - US,Direct Drop,EXW,Air,Pre-PQ Process,4/10/09,27-Oct-09,27-Oct-09,27-Oct-09,ACT,ACT,MISSIONPHARMA A/S,"Artemether/Lumefantrine 20/120mg [Coartem], scored tablets, Blister 30 x 18 Tabs",Artemether/Lumefantrine,Coartem,20/120mg,Tablet - FDC + blister,540,2000,70420.0,35.21,0.07,"Novartis Pharma Suffern, USA",Yes,10,14515.44,138.02
12690,100-ZW-T01,Pre-PQ Process,SO-898,DN-357,Zimbabwe,PMO - US,From RDC,N/A - From RDC,Truck,Pre-PQ Process,N/A - From RDC,18-Sep-07,18-Sep-07,18-Sep-07,ARV,Adult,SCMS from RDC,"Lamivudine/Zidovudine 150/300mg, tablets, 60 Tabs",Lamivudine/Zidovudine,Generic,150/300mg,Tablet - FDC,60,1560,14820.0,9.5,0.16,"Aurobindo Unit III, India",Yes,90,1106,23.71
84647,113-ZW-T30,FPQ-6470,SO-39510,DN-2205,Zimbabwe,PMO - US,From RDC,N/A - From RDC,Truck,10/13/10,N/A - From RDC,31-May-11,15-Jun-11,15-Jun-11,ARV,Adult,SCMS from RDC,"Lamivudine/Nevirapine/Stavudine 150/200/30mg, tablets, 60 Tabs",Lamivudine/Nevirapine/Stavudine,Generic,150/200/30mg,Tablet - FDC,60,69207,372333.66,5.38,0.09,"Cipla, Goa, India",No,See DN-2205 (ID#:82950),See DN-2205 (ID#:82950),802.75
85130,114-UG-T30,FPQ-5239,SO-36131,DN-1943,Uganda,PMO - US,From RDC,N/A - From RDC,Air,3/2/10,N/A - From RDC,4-Aug-10,19-Jul-10,19-Jul-10,ARV,Adult,SCMS from RDC,"Emtricitabine/Tenofovir Disoproxil Fumarate 200/300mg, tablets, 30 Tabs",Emtricitabine/Tenofovir Disoproxil Fumarate,Generic,200/300mg,Tablet - FDC,30,2500,29375.0,11.75,0.39,Mylan (formerly Matrix) Nashik,No,See DN-1943 (ID#:83443),See DN-1943 (ID#:83443),63.33
23557,116-ZA-T30,FPQ-3560,SCMS-49610,ASN-5004,South Africa,PMO - US,Direct Drop,DDP,Truck,5/7/09,7/21/09,11-Aug-09,12-Aug-09,12-Aug-09,ARV,Adult,S. BUYS WHOLESALER,"Tenofovir Disoproxil Fumarate 300mg [Viread], tablets, 30 Tabs",Tenofovir Disoproxil Fumarate,Viread,300mg,Tablet,30,2837,73030.7,25.74,0.86,"Aspen-OSD, Port Elizabeth, SA",Yes,Weight Captured Separately,Freight Included in Commodity Cost,143.14
86436,101-CD-T30,FPQ-8840,SO-41130,DN-2492,"Congo, DRC",PMO - US,From RDC,N/A - From RDC,Air,11/21/11,N/A - From RDC,16-Mar-12,14-Feb-12,14-Feb-12,ARV,Adult,SCMS from RDC,"Lamivudine/Nevirapine/Zidovudine 150/200/300mg, tablets, 60 Tabs",Lamivudine/Nevirapine/Zidovudine,Generic,150/300/200mg,Tablet - FDC,60,89,979.0,11.0,0.18,Mylan (formerly Matrix) Nashik,No,See DN-2492 (ID#:82999),See DN-2492 (ID#:82999),1.37
85116,104-CI-T30,FPQ-4659,SO-35560,DN-1799,Côte d'Ivoire,PMO - US,From RDC,N/A - From RDC,Air,12/8/09,N/A - From RDC,10-May-10,7-May-10,7-May-10,ARV,Adult,SCMS from RDC,"Lamivudine 150mg, tablets, 60 Tabs",Lamivudine,Generic,150mg,Tablet,60,6000,14640.0,2.44,0.04,Mylan (formerly Matrix) Nashik,No,See DN-1799 (ID#:84560),See DN-1799 (ID#:84560),31.56
63047,116-ZA-T30,FPQ-13973,SCMS-238553,ASN-28021,South Africa,PMO - US,Direct Drop,DDP,Truck,4/30/14,8/28/14,28-Aug-14,28-Aug-14,28-Aug-14,ARV,Adult,PHARMACY DIRECT,"Zidovudine 300mg, tablets, 60 Tabs",Zidovudine,Generic,300mg,Tablet,60,11,274.5,24.95,0.42,"Aurobindo Unit III, India",No,Weight Captured Separately,Freight Included in Commodity Cost,0.28
70144,105-SS-T30,FPQ-14470,SCMS-245240,ASN-29503,South Sudan,PMO - US,Direct Drop,EXW,Air,6/17/14,7/1/14,9-Jan-15,9-Jan-15,19-Jan-15,HRDT,HIV test,"Trinity Biotech, Plc","HIV 1/2, Uni-Gold HIV Kit, 20 Tests","HIV 1/2, Uni-Gold HIV Kit",Uni-Gold,,Test kit,20,35,1120.0,32.0,1.6,"Trinity Biotech, Plc",No,See ASN-29503 (ID#:13571),See ASN-29503 (ID#:13571),1.15
85386,101-CD-T30,FPQ-12033,SO-45020,DN-3268,"Congo, DRC",PMO - US,From RDC,N/A - From RDC,Air,4/8/13,N/A - From RDC,27-Aug-13,8-Feb-14,11-Mar-14,ARV,Adult,SCMS from RDC,"Abacavir 300mg, tablets, 60 Tabs",Abacavir,Generic,300mg,Tablet,60,379,4911.84,12.96,0.22,Mylan (formerly Matrix) Nashik,No,See DN-3268 (ID#:82595),See DN-3268 (ID#:82595),6.08
9352,109-TZ-T01,Pre-PQ Process,SCMS-10350,ASN-1933,Tanzania,PMO - US,Direct Drop,EXW,Air,Pre-PQ Process,10/23/07,22-Jul-08,22-Jul-08,22-Jul-08,HRDT,HIV test,"Standard Diagnostics, Inc.","HIV 1/2, Bioline 3.0 Kit, Lancets, Capillary pipets, Alcohol swabs included, 25 Tests","HIV 1/2, Bioline 3.0 Kit, Lancets, Capillary pipets, Alcohol swabs included",Bioline,,Test kit,25,10000,200000.0,20.0,0.8,"Standard Diagnostics, Korea",Yes,3110,22663.18,320.0
35267,116-ZA-T30,FPQ-3560,SCMS-50960,ASN-5007,South Africa,PMO - US,Direct Drop,DDP,Truck,5/7/09,8/3/09,15-Sep-09,15-Sep-09,15-Sep-09,ARV,Adult,S. BUYS WHOLESALER,"Didanosine EC 400mg [Videx EC], delayed-release capsules, Blister 3 x 10 Caps",Didanosine EC,Videx EC,400mg,Delayed-release capsules - blister,30,600,16040.17,26.73,0.89,"BMS Meymac, France",Yes,Weight Captured Separately,Freight Included in Commodity Cost,31.44
86435,101-CD-T30,FPQ-8840,SO-41130,DN-2492,"Congo, DRC",PMO - US,From RDC,N/A - From RDC,Air,11/21/11,N/A - From RDC,16-Mar-12,14-Feb-12,14-Feb-12,ARV,Adult,SCMS from RDC,"Lamivudine/Zidovudine 150/300mg, tablets, 60 Tabs",Lamivudine/Zidovudine,Generic,150/300mg,Tablet - FDC,60,20,165.2,8.26,0.14,"Aurobindo Unit III, India",No,See DN-2492 (ID#:82999),See DN-2492 (ID#:82999),0.23
74729,133-NG-T30,FPQ-10349,SCMS-155311,ASN-19163,Nigeria,PMO - US,Direct Drop,EXW,Air,7/17/12,8/10/12,6-May-13,6-May-13,6-May-13,HRDT,HIV test,"CHEMBIO DIAGNOSTIC SYSTEMS, INC.","HIV 1/2, Stat-Pak HIV, Kit, 20 Tests","HIV 1/2, Stat-Pak HIV, Kit",Stat-Pak,,Test kit,20,3401,98629.0,29.0,1.45,Chembio Diagnostics Sys. Inc.,Yes,972,10191.28,138.28
26961,106-HT-T30,FPQ-14083,SCMS-240110,ASN-27824,Haiti,PMO - US,Direct Drop,FCA,Air,5/11/14,5/28/14,26-Sep-14,26-Sep-14,6-Oct-14,ARV,Adult,ABBVIE LOGISTICS (FORMERLY ABBOTT LOGISTICS BV),"Lopinavir/Ritonavir 200/50mg [Aluvia], tablets, 120 Tabs",Lopinavir/Ritonavir,Aluvia,200/50mg,Tablet,120,1008,18809.28,18.66,0.16,ABBVIE Ludwigshafen Germany,Yes,406,2562.6,19.34
85808,151-NG-T30,FPQ-8364,SO-40651,DN-2453,Nigeria,PMO - US,From RDC,N/A - From RDC,Air Charter,8/29/11,N/A - From RDC,2-Mar-12,18-Dec-11,18-Dec-11,ARV,Adult,SCMS from RDC,"Efavirenz 600mg, tablets, 30 Tabs",Efavirenz,Generic,600mg,Tablet,30,10944,46183.68,4.22,0.14,"Strides, Bangalore, India.",Yes,726,15322.73,76.2
83968,151-NG-T30,FPQ-4105,SO-33140,DN-1562,Nigeria,PMO - US,From RDC,N/A - From RDC,Air Charter,8/13/09,N/A - From RDC,18-Dec-09,18-Dec-09,18-Dec-09,ARV,Adult,SCMS from RDC,"Lamivudine/Nevirapine/Zidovudine 150/200/300mg, tablets, 60 Tabs",Lamivudine/Nevirapine/Zidovudine,Generic,150/300/200mg,Tablet - FDC,60,28000,317800.0,11.35,0.19,"Aurobindo Unit III, India",Yes,3239,11637.64,622.89
33441,108-VN-T30,FPQ-14516,SCMS-251680,ASN-29384,Vietnam,PMO - US,Direct Drop,EXW,Air,7/9/14,8/11/14,24-Dec-14,24-Dec-14,24-Dec-14,ARV,Adult,HETERO LABS LIMITED,"Tenofovir Disoproxil Fumarate 300mg, tablets, 30 Tabs",Tenofovir Disoproxil Fumarate,Generic,300mg,Tablet,30,6000,21300.0,3.55,0.12,Hetero Unit III Hyderabad IN,Yes,2490,4545.64,21.9
14180,110-ZM-T30,FPQ-14081,SCMS-238950,ASN-26391,Zambia,PMO - US,Direct Drop,EXW,Air,4/15/14,5/16/14,28-Jul-14,28-Jul-14,15-Aug-14,HRDT,HIV test,"Trinity Biotech, Plc","HIV 1/2, Uni-Gold HIV Kit, 20 Tests","HIV 1/2, Uni-Gold HIV Kit",Uni-Gold,,Test kit,20,9500,304000.0,32.0,1.6,"Trinity Biotech, Plc",Yes,2783,20621.1,312.51
76217,111-MZ-T30,FPQ-10880,SCMS-164000,ASN-18530,Mozambique,PMO - US,Direct Drop,EXW,Air,10/18/12,11/6/12,20-Mar-13,1-Apr-13,1-Apr-13,HRDT,HIV test,"Orgenics, Ltd","HIV 1/2, Determine Complete HIV Kit, 100 Tests","HIV 1/2, Determine Complete HIV Kit",Determine,,Test kit,100,2863,229040.0,80.0,0.8,"Alere Medical Co., Ltd.",Yes,1298,13146.21,283.32
82641,109-TZ-T30,FPQ-12587,SO-46000,DN-3501,Tanzania,PMO - US,From RDC,N/A - From RDC,Truck,7/4/13,N/A - From RDC,31-Jan-14,19-Feb-14,24-Feb-14,ARV,Pediatric,SCMS from RDC,"Abacavir/Lamivudine 60/30mg, tablets, 60 Tabs",Abacavir/Lamivudine,Generic,60/30mg,Tablet - FDC,60,23964,95856.0,4.0,0.07,"Aurobindo Unit III, India",Yes,Weight Captured Separately,Invoiced Separately,118.57
29913,101-CD-T30,FPQ-11043,SCMS-168010,ASN-18081,"Congo, DRC",PMO - US,Direct Drop,EXW,Air,11/16/12,12/6/12,29-Jul-13,29-Jul-13,29-Jul-13,HRDT,HIV test,"Trinity Biotech, Plc","HIV 1/2, Uni-Gold HIV Kit, 20 Tests","HIV 1/2, Uni-Gold HIV Kit",Uni-Gold,,Test kit,20,362,11584.0,32.0,1.6,"Trinity Biotech, Plc",Yes,134,1941.34,14.33
49749,105-SS-T30,FPQ-11539,SCMS-176930,ASN-19142,South Sudan,PMO - US,Direct Drop,EXW,Air,1/24/13,2/26/13,20-Jul-13,20-Jul-13,20-Jul-13,HRDT,HIV test - Ancillary,"Orgenics, Ltd","Chase Buffer, Determine, 100 Tests, 2.5ml x 1 Vial","Chase Buffer, Determine, 100 Tests, 2.5ml x 1 Vial",Determine,,Test kit - Ancillary,1,115,575.0,5.0,5.0,"Alere Medical Co., Ltd.",No,See ASN-19142 (ID#:22600),See ASN-19142 (ID#:22600),0.71
61993,111-MZ-T30,FPQ-14294,SCMS-247350,ASN-27821,Mozambique,PMO - US,Direct Drop,EXW,Air,5/15/14,7/30/14,8-Sep-14,8-Sep-14,9-Sep-14,HRDT,HIV test,"Trinity Biotech, Plc","HIV 1/2, Uni-Gold HIV Kit, 20 Tests","HIV 1/2, Uni-Gold HIV Kit",Uni-Gold,,Test kit,20,8261,264352.0,32.0,1.6,"Trinity Biotech, Plc",Yes,298,16397.94,271.75
40205,105-SS-T30,FPQ-15569,SCMS-272140,ASN-31129,South Sudan,PMO - US,Direct Drop,EXW,Air,12/29/14,2/20/15,8-May-15,8-May-15,11-May-15,HRDT,HIV test,"Trinity Biotech, Plc","HIV 1/2, Uni-Gold HIV Kit, 20 Tests","HIV 1/2, Uni-Gold HIV Kit",Uni-Gold,,Test kit,20,35,1120.0,32.0,1.6,"Trinity Biotech, Plc",Yes,191,2796.58,1.32
84733,113-ZW-T30,FPQ-8464,SO-40890,DN-2741,Zimbabwe,PMO - US,From RDC,N/A - From RDC,Truck,10/4/11,N/A - From RDC,16-Oct-12,23-Jul-12,23-Jul-12,ARV,Adult,SCMS from RDC,"Lamivudine/Tenofovir Disoproxil Fumarate 300/300mg, tablets, 30 Tabs",Lamivudine/Tenofovir Disoproxil Fumarate,Generic,300/300mg,Tablet - FDC,30,78082,418519.52,5.36,0.18,Mylan (formerly Matrix) Nashik,No,See DN-2741 (ID#:84180),See DN-2741 (ID#:84180),690.56
55765,116-ZA-T30,FPQ-12523,SCMS-199315,ASN-27212,South Africa,PMO - US,Direct Drop,DDP,Truck,7/12/13,7/11/14,11-Jul-14,11-Jul-14,11-Jul-14,ARV,Pediatric,S. BUYS WHOLESALER,"Atazanavir 150mg [Reyataz], capsules, 60 Caps",Atazanavir,Reyataz,150mg,Capsule,60,1,25.69,25.69,0.43,"BMS Evansville, US",Yes,Weight Captured Separately,Freight Included in Commodity Cost,0.03
12113,100-ZW-T01,Pre-PQ Process,SO-705,DN-355,Zimbabwe,PMO - US,From RDC,N/A - From RDC,Truck,Pre-PQ Process,N/A - From RDC,20-Sep-07,20-Sep-07,20-Sep-07,ARV,Adult,SCMS from RDC,"Lamivudine/Nevirapine/Stavudine 150/200/30mg, tablets, 60 Tabs",Lamivudine/Nevirapine/Stavudine,Generic,150/200/30mg,Tablet - FDC,60,37240,275576.0,7.4,0.12,"Cipla, Goa, India",No,See DN-355 (ID#:11787),See DN-355 (ID#:11787),440.92
11550,114-UG-T01,Pre-PQ Process,SO-1928,DN-652,Uganda,PMO - US,From RDC,N/A - From RDC,,Pre-PQ Process,N/A - From RDC,7-Apr-08,7-Apr-08,7-Apr-08,ARV,Adult,SCMS from RDC,"Lamivudine/Nevirapine/Zidovudine 150/200/300mg, tablets, 60 Tabs",Lamivudine/Nevirapine/Zidovudine,Generic,150/300/200mg,Tablet - FDC,60,1450,19575.0,13.5,0.22,"Cipla, Goa, India",Yes,167,1472.77,31.32
77517,105-SS-T30,FPQ-15569,SCMS-272140,ASN-31129,South Sudan,PMO - US,Direct Drop,EXW,Air,12/29/14,2/20/15,8-May-15,8-May-15,11-May-15,HRDT,HIV test,"Trinity Biotech, Plc","HIV 1/2, Uni-Gold HIV Kit, 20 Tests","HIV 1/2, Uni-Gold HIV Kit",Uni-Gold,,Test kit,20,50,1600.0,32.0,1.6,"Trinity Biotech, Plc",No,See ASN-31129 (ID#:40205),See ASN-31129 (ID#:40205),1.88
82967,111-MZ-T30,FPQ-7053,SO-38633,DN-2302,Mozambique,PMO - US,From RDC,N/A - From RDC,Truck,1/24/11,N/A - From RDC,31-Aug-11,15-Sep-11,15-Sep-11,ARV,Adult,SCMS from RDC,"Lamivudine/Zidovudine 150/300mg, tablets, 60 Tabs",Lamivudine/Zidovudine,Generic,150/300mg,Tablet - FDC,60,25312,216417.6,8.55,0.14,"Aurobindo Unit III, India",Yes,4988,7960.74,357.09
1246,104-CI-T01,Pre-PQ Process,SCMS-5,ASN-7,Côte d'Ivoire,PMO - US,Direct Drop,EXW,Air,Pre-PQ Process,Date Not Captured,14-Jul-06,14-Jul-06,14-Jul-06,HRDT,HIV test,Orasure Technologies Inc.,"HIV 1/2, OraQuick Advance HIV Rapid Antibody Kit, 100 Tests","HIV 1/2, OraQuick Advance HIV Rapid Antibody Kit",OraQuick,,Test kit,100,6,2400.0,400.0,4.0,"Pacific Biotech, Thailand",Yes,15,1039.5,
43250,105-SS-T30,FPQ-12623,SCMS-200920,ASN-21751,South Sudan,PMO - US,Direct Drop,EXW,Air,7/18/13,8/6/13,18-Oct-13,18-Oct-13,18-Oct-13,HRDT,HIV test,"Trinity Biotech, Plc","HIV 1/2, Uni-Gold HIV Kit, 20 Tests","HIV 1/2, Uni-Gold HIV Kit",Uni-Gold,,Test kit,20,25,800.0,32.0,1.6,"Trinity Biotech, Plc",No,See ASN-21751 (ID#:13968),See ASN-21751 (ID#:13968),0.99
83266,101-CD-T30,FPQ-14252,SO-48850,DN-3843,"Congo, DRC",PMO - US,From RDC,N/A - From RDC,Air,5/7/14,N/A - From RDC,13-Aug-14,24-Sep-14,6-Nov-14,ARV,Pediatric,SCMS from RDC,"Efavirenz 200mg, scored tablets, 90 Tabs",Efavirenz,Generic,200mg,Tablet,90,710,6603.0,9.3,0.1,"Strides, Bangalore, India.",No,See DN-3843 (ID#:82707),See DN-3843 (ID#:82707),6.79
81808,106-HT-T30,FPQ-14083,SCMS-240130,ASN-28761,Haiti,PMO - US,Direct Drop,EXW,Ocean,5/11/14,6/2/14,9-Jan-15,9-Jan-15,12-Jan-15,ARV,Adult,MICRO LABS LIMITED,"Nevirapine 200mg, tablets, 60 Tabs",Nevirapine,Generic,200mg,Tablet,60,45750,95160.0,2.08,0.03,"Micro labs, Verna, Goa, India",No,See ASN-28761 (ID#:38632),See ASN-28761 (ID#:38632),97.82
36147,108-VN-T30,FPQ-15692,SCMS-274370,ASN-32258,Vietnam,PMO - US,Direct Drop,EXW,Air,1/28/15,2/17/15,13-Jul-15,13-Jul-15,14-Jul-15,ARV,Adult,HETERO LABS LIMITED,"Nevirapine 200mg, tablets, 60 Tabs",Nevirapine,Generic,200mg,Tablet,60,10000,21600.0,2.16,0.04,Hetero Unit III Hyderabad IN,No,See ASN-32258 (ID#:29880),See ASN-32258 (ID#:29880),25.42
82905,151-NG-T30,FPQ-5023,SO-36546,DN-1942,Nigeria,PMO - US,From RDC,N/A - From RDC,Air,2/10/10,N/A - From RDC,15-Jul-10,28-Jun-10,28-Jun-10,ARV,Adult,SCMS from RDC,"Lamivudine/Zidovudine 150/300mg, tablets, 60 Tabs",Lamivudine/Zidovudine,Generic,150/300mg,Tablet - FDC,60,80,700.8,8.76,0.15,Mylan (formerly Matrix) Nashik,Yes,7,Freight Included in Commodity Cost,1.51
46742,108-VN-T30,FPQ-13034,SCMS-210070,ASN-25784,Vietnam,PMO - US,Direct Drop,EXW,Air,10/4/13,10/7/13,6-Jun-14,6-Jun-14,9-Jun-14,ARV,Adult,EMCURE PHARMACEUTICALS LTD,"Nevirapine 200mg, tablets, 60 Tabs",Nevirapine,Generic,200mg,Tablet,60,12937,29755.1,2.3,0.04,"Emcure Plot No.P-2, I.T-B.T. Park, Phase II, MIDC, Hinjwadi, Pune, India",Yes,875,2181.91,36.81
77772,114-UG-T30,FPQ-5277,SCMS-68320,ASN-6788,Uganda,PMO - US,Direct Drop,FCA,Air,3/12/10,3/18/10,12-May-10,12-May-10,12-May-10,ARV,Adult,ABBVIE LOGISTICS (FORMERLY ABBOTT LOGISTICS BV),"Lopinavir/Ritonavir 200/50mg [Aluvia], tablets, 120 Tabs",Lopinavir/Ritonavir,Aluvia,200/50mg,Tablet,120,160,5785.6,36.16,0.3,ABBVIE Ludwigshafen Germany,Yes,47,1238.94,12.47
79597,133-NG-T30,FPQ-14305,SCMS-240830,ASN-27470,Nigeria,PMO - US,Direct Drop,EXW,Air,5/16/14,6/2/14,19-Aug-14,2-Sep-14,4-Sep-14,HRDT,HIV test,"Orgenics, Ltd","HIV 1/2, Determine Complete HIV Kit, 100 Tests","HIV 1/2, Determine Complete HIV Kit",Determine,,Test kit,100,5905,525545.0,89.0,0.89,"Alere Medical Co., Ltd.",Yes,2402,35747.28,540.26
41282,114-UG-T30,FPQ-12273,SCMS-198551,ASN-21866,Uganda,PMO - US,Direct Drop,EXW,Air,7/8/13,8/5/13,7-Nov-13,7-Nov-13,8-Nov-13,HRDT,HIV test,BIO-RAD LABORATORIES (FRANCE),"HIV, Multispot HIV-1/HIV-2 Rapid Test Kit, 50 Tests","HIV, Multispot HIV-1/HIV-2 Rapid Test Kit",Multispot,,Test kit,50,31,38750.0,1250.0,25.0,Bio-Rad Laboratories,Yes,43,1324.43,47.93
85100,151-NG-T30,FPQ-4537,SO-35056,DN-1738,Nigeria,PMO - US,From RDC,N/A - From RDC,Air Charter,11/6/09,N/A - From RDC,19-Apr-10,31-Mar-10,31-Mar-10,ARV,Adult,SCMS from RDC,"Lamivudine/Zidovudine 150/300mg, tablets, 60 Tabs",Lamivudine/Zidovudine,Generic,150/300mg,Tablet - FDC,60,3200,28032.0,8.76,0.15,Mylan (formerly Matrix) Nashik,Yes,255,Freight Included in Commodity Cost,60.44
45540,108-VN-T30,FPQ-13524,SCMS-226210,ASN-27101,Vietnam,PMO - US,Direct Drop,EXW,Air,2/6/14,3/10/14,18-Aug-14,18-Aug-14,25-Aug-14,ARV,Adult,MYLAN LABORATORIES LTD (FORMERLY MATRIX LABORATORIES),"Lamivudine/Nevirapine/Zidovudine 150/200/300mg, tablets, 60 Tabs",Lamivudine/Nevirapine/Zidovudine,Generic,150/300/200mg,Tablet - FDC,60,12100,98010.0,8.1,0.13,Mylan (formerly Matrix) Nashik,Yes,1685,3251.35,100.75
83162,104-CI-T30,FPQ-11253,SO-44201,DN-3329,Côte d'Ivoire,PMO - US,From RDC,N/A - From RDC,Truck,12/14/12,N/A - From RDC,30-Sep-13,20-Sep-13,20-Sep-13,ARV,Adult,SCMS from RDC,"Lamivudine/Zidovudine 150/300mg, tablets, 60 Tabs",Lamivudine/Zidovudine,Generic,150/300mg,Tablet - FDC,60,3922,28512.94,7.27,0.12,Hetero Unit III Hyderabad IN,No,See DN-3329 (ID#:82602),See DN-3329 (ID#:82602),35.27
77517,105-SS-T30,FPQ-15569,SCMS-272140,ASN-31129,South Sudan,PMO - US,Direct Drop,EXW,Air,12/29/14,2/20/15,8-May-15,8-May-15,11-May-15,HRDT,HIV test,"Trinity Biotech, Plc","HIV 1/2, Uni-Gold HIV Kit, 20 Tests","HIV 1/2, Uni-Gold HIV Kit",Uni-Gold,,Test kit,20,50,1600.0,32.0,1.6,"Trinity Biotech, Plc",No,See ASN-31129 (ID#:40205),See ASN-31129 (ID#:40205),1.88
83008,101-CD-T30,FPQ-8840,SO-41142,DN-2506,"Congo, DRC",PMO - US,From RDC,N/A - From RDC,Air,11/21/11,N/A - From RDC,16-Mar-12,14-Mar-12,14-Mar-12,ARV,Adult,SCMS from RDC,"Lamivudine/Tenofovir Disoproxil Fumarate 300/300mg, tablets, 30 Tabs",Lamivudine/Tenofovir Disoproxil Fumarate,Generic,300/300mg,Tablet - FDC,30,14,85.12,6.08,0.2,Mylan (formerly Matrix) Nashik,No,See DN-2506 (ID#:82439),See DN-2506 (ID#:82439),0.12
49085,102-SD-T30,FPQ-8264,SCMS-121840,ASN-12828,Sudan,PMO - US,Direct Drop,EXW,Air,9/7/11,9/14/11,6-Jan-12,6-Jan-12,6-Jan-12,HRDT,HIV test - Ancillary,"Orgenics, Ltd","Capillary Tubes, for Determine, EDTA, 50uL,100 Pcs","HIV, Capillary Tubes, for Determine, EDTA, 50uL,100 Pcs",Determine,,Test kit - Ancillary,100,4,32.0,8.0,0.08,"Alere Medical Co., Ltd.",Yes,2,942.64,0.05
40070,116-ZA-T30,FPQ-14942,SCMS-259076,ASN-32524,South Africa,PMO - US,Direct Drop,DDP,Truck,9/11/14,6/2/15,2-Jun-15,2-Jun-15,2-Jun-15,ARV,Adult,PHARMACY DIRECT,"Abacavir 300mg, tablets, 60 Tabs",Abacavir,Generic,300mg,Tablet,60,31,1545.41,49.85,0.83,"Aurobindo Unit III, India",No,Weight Captured Separately,Freight Included in Commodity Cost,1.59
4611,102-BW-T01,Pre-PQ Process,SCMS-27750,ASN-2397,Botswana,PMO - US,Direct Drop,EXW,Air,Pre-PQ Process,7/28/08,18-Nov-08,18-Nov-08,18-Nov-08,HRDT,HIV test,"Trinity Biotech, Plc","HIV 1/2, Uni-Gold HIV Kit, 20 Tests","HIV 1/2, Uni-Gold HIV Kit",Uni-Gold,,Test kit,20,5,160.0,32.0,1.6,"Trinity Biotech, Plc",Yes,3,1225.17,0.26
83980,113-ZW-T30,FPQ-4472,SO-27210,DN-1657,Zimbabwe,PMO - US,From RDC,N/A - From RDC,Truck,3/17/09,N/A - From RDC,31-Mar-10,12-Mar-10,12-Mar-10,ARV,Adult,SCMS from RDC,"Lamivudine/Stavudine 150/30mg, tablets, 60 Tabs",Lamivudine/Stavudine,Generic,150/30mg,Tablet - FDC,60,4000,13600.0,3.4,0.06,"Cipla, Goa, India",Yes,632,3302.14,26.66
12425,111-MZ-T01,Pre-PQ Process,SO-1064,DN-415,Mozambique,PMO - US,From RDC,N/A - From RDC,Air,Pre-PQ Process,N/A - From RDC,30-Nov-07,30-Nov-07,30-Nov-07,HRDT,HIV test,SCMS from RDC,"HIV 1/2, Uni-Gold HIV Kit, 20 Tests","HIV 1/2, Uni-Gold HIV Kit",Uni-Gold,,Test kit,20,5000,160000.0,32.0,1.6,"Trinity Biotech, Plc",No,See DN-415 (ID#:12120),See DN-415 (ID#:12120),256.0
84094,110-ZM-T30,FPQ-6482,SO-39410,DN-2239,Zambia,PMO - US,From RDC,N/A - From RDC,Truck,10/15/10,N/A - From RDC,30-Apr-11,20-Jun-11,20-Jun-11,ARV,Adult,SCMS from RDC,"Nevirapine 200mg, tablets, 60 Tabs",Nevirapine,Generic,200mg,Tablet,60,112000,281120.0,2.51,0.04,Hetero Unit III Hyderabad IN,Yes,6449,7962.26,606.09
11867,104-CI-T01,Pre-PQ Process,SO-2045,DN-761,Côte d'Ivoire,PMO - US,From RDC,N/A - From RDC,Air,Pre-PQ Process,N/A - From RDC,2-Jun-08,2-Jun-08,2-Jun-08,ARV,Pediatric,SCMS from RDC,"Lamivudine 10mg/ml, oral solution, Bottle, 240 ml",Lamivudine,Generic,10mg/ml,Oral solution,240,7700,15169.0,1.97,0.01,"Aurobindo Unit III, India",No,See DN-761 (ID#:10951),See DN-761 (ID#:10951),24.27
85857,114-UG-T30,FPQ-9356,SO-41610,DN-2654,Uganda,PMO - US,From RDC,N/A - From RDC,Truck,2/20/12,N/A - From RDC,29-Jun-12,22-May-12,22-May-12,ARV,Adult,SCMS from RDC,"Lopinavir/Ritonavir 200/50mg [Aluvia], tablets, 120 Tabs",Lopinavir/Ritonavir,Aluvia,200/50mg,Tablet,120,917,28261.94,30.82,0.26,ABBVIE Ludwigshafen Germany,No,See DN-2654 (ID#:82473),See DN-2654 (ID#:82473),39.62
8475,106-HT-T01,Pre-PQ Process,SCMS-23790,ASN-2146,Haiti,PMO - US,Direct Drop,CIP,Air,Pre-PQ Process,5/20/08,20-Aug-08,20-Aug-08,20-Aug-08,HRDT,HIV test,Orasure Technologies Inc.,"HIV 1/2, OraQuick Advance HIV Rapid Antibody Kit, 100 Tests","HIV 1/2, OraQuick Advance HIV Rapid Antibody Kit",OraQuick,,Test kit,100,54,18900.0,350.0,3.5,"Pacific Biotech, Thailand",Yes,Weight Captured Separately,Freight Included in Commodity Cost,30.24
65165,161-ZA-T30,FPQ-7175,SCMS-103810,ASN-12626,South Africa,PMO - US,Direct Drop,DDP,Ocean,3/10/11,3/28/11,7-Dec-11,6-Dec-11,6-Dec-11,ARV,Pediatric,CIPLA LIMITED,"Lamivudine 10mg/ml, oral solution, Bottle, 240 ml",Lamivudine,Generic,10mg/ml,Oral solution,240,40040,82482.4,2.06,0.01,"Cipla, Goa, India",Yes,Weight Captured Separately,Freight Included in Commodity Cost,136.1
82518,107-RW-T30,FPQ-9969,SO-42430,DN-2885,Rwanda,PMO - US,From RDC,N/A - From RDC,Air,5/25/12,N/A - From RDC,31-Oct-12,30-Oct-12,30-Oct-12,ARV,Adult,SCMS from RDC,"Efavirenz/Lamivudine/Tenofovir Disoproxil Fumarate 600/300/300mg, tablets, 30 Tabs",Efavirenz/Lamivudine/Tenofovir Disoproxil Fumarate,Generic,600/300/300mg,Tablet - FDC,30,59989,796054.03,13.27,0.44,Mylan (formerly Matrix) Nashik,Yes,7242,5825.18,1116.07
1070,116-ZA-T01,Pre-PQ Process,SCMS-41140,ASN-3752,South Africa,PMO - US,Direct Drop,DDP,Air,Pre-PQ Process,Date Not Captured,31-Mar-09,21-Nov-08,21-Nov-08,ARV,Adult,S. BUYS WHOLESALER,"Stavudine 30mg, capsules, 60 Caps",Stavudine,Generic,30mg,Capsule,60,1200,3384.0,2.82,0.05,"Aurobindo Unit III, India",Yes,Weight Captured Separately,Freight Included in Commodity Cost,6.63
10348,116-ZA-T01,Pre-PQ Process,SCMS-41090,ASN-3626,South Africa,PMO - US,Direct Drop,DDP,Air,Pre-PQ Process,Date Not Captured,9-Jun-09,27-Jan-09,27-Jan-09,ARV,Adult,S. BUYS WHOLESALER,"Stavudine 30mg, capsules, 60 Caps",Stavudine,Generic,30mg,Capsule,60,24150,59892.0,2.48,0.04,"Aurobindo Unit III, India",No,Weight Captured Separately,Freight Included in Commodity Cost,117.39
24384,114-UG-T30,FPQ-10788,SCMS-162740,ASN-17430,Uganda,PMO - US,Direct Drop,DAP,Air,10/10/12,10/25/12,14-Dec-12,14-Dec-12,14-Dec-12,ARV,Adult,ASPEN PHARMACARE,"Darunavir 300mg [Prezista], tablets, 120 Tabs",Darunavir,Prezista,300mg,Tablet,120,288,19180.8,66.6,0.55,"Aspen-OSD, Port Elizabeth, SA",Yes,94,1061,23.73
85980,104-CI-T30,FPQ-11253,SO-44230,DN-3215,Côte d'Ivoire,PMO - US,From RDC,N/A - From RDC,Truck,12/14/12,N/A - From RDC,31-Jul-13,6-Aug-13,6-Aug-13,ARV,Adult,SCMS from RDC,"Lopinavir/Ritonavir 200/50mg, tablets, 120 Tabs",Lopinavir/Ritonavir,Generic,200/50mg,Tablet,120,16000,336000.0,21.0,0.18,"Aurobindo Unit III, India",Yes,3893,17548.41,415.63
84838,900-SS-T30,FPQ-11637,SO-44701,DN-3259,South Sudan,PMO - US,From RDC,N/A - From RDC,Truck,2/27/13,N/A - From RDC,26-Aug-13,26-Aug-13,26-Aug-13,ARV,Adult,SCMS from RDC,"Nevirapine 200mg, tablets, 60 Tabs",Nevirapine,Generic,200mg,Tablet,60,225,508.5,2.26,0.04,Hetero Unit III Hyderabad IN,Yes,81,1641,0.63
45644,104-CI-T30,FPQ-13622,SCMS-228880,ASN-26338,Côte d'Ivoire,PMO - US,Direct Drop,EXW,Air,1/23/14,3/3/14,20-Jun-14,20-Jun-14,25-Jun-14,ARV,Adult,Aurobindo Pharma Limited,"Didanosine 250mg, delayed-release capsules, 30 Caps",Didanosine,Generic,250mg,Delayed-release capsules,30,2000,15160.0,7.58,0.25,"Aurobindo Unit III, India",Yes,150,1789.85,15.58
84328,104-CI-T30,FPQ-12800,SO-46351,DN-3511,Côte d'Ivoire,PMO - US,From RDC,N/A - From RDC,Air,8/9/13,N/A - From RDC,31-Jan-14,18-Feb-14,4-Mar-14,ARV,Pediatric,SCMS from RDC,"Abacavir/Lamivudine 60/30mg, tablets, 60 Tabs",Abacavir/Lamivudine,Generic,60/30mg,Tablet - FDC,60,9500,38000.0,4.0,0.07,"Aurobindo Unit III, India",Yes,449,3051.95,47.01
85111,114-UG-T30,FPQ-5275,SO-36280,DN-1820,Uganda,PMO - US,From RDC,N/A - From RDC,Air,3/4/10,N/A - From RDC,11-Jun-10,3-May-10,3-May-10,ARV,Adult,SCMS from RDC,"Lamivudine/Zidovudine 150/300mg, tablets, 60 Tabs",Lamivudine/Zidovudine,Generic,150/300mg,Tablet - FDC,60,5000,43800.0,8.76,0.15,Hetero Unit III Hyderabad IN,Yes,338,4159.73,94.43
84736,110-ZM-T30,FPQ-9081,SO-41282,DN-2748,Zambia,PMO - US,From RDC,N/A - From RDC,Truck,12/22/11,N/A - From RDC,31-Jul-12,30-Jul-12,30-Jul-12,ARV,Adult,SCMS from RDC,"Nevirapine 200mg, tablets, 60 Tabs",Nevirapine,Generic,200mg,Tablet,60,16947,41011.74,2.42,0.04,Mylan (formerly Matrix) Nashik,Yes,1956,8709,57.5
42186,116-ZA-T30,FPQ-13973,SCMS-238550,ASN-30792,South Africa,PMO - US,Direct Drop,DDP,Truck,4/30/14,5/8/14,19-Feb-15,19-Feb-15,19-Feb-15,ARV,Pediatric,PHARMACY DIRECT,"Lamivudine 10mg/ml, oral solution, Bottle, 240 ml",Lamivudine,Generic,10mg/ml,Oral solution,240,3,21.46,7.15,0.03,"Aurobindo Unit III, India",No,Weight Captured Separately,Freight Included in Commodity Cost,0.02
14178,109-TZ-T30,FPQ-7909,SCMS-114990,ASN-12248,Tanzania,PMO - US,Direct Drop,EXW,Air,6/24/11,7/18/11,29-Sep-11,29-Oct-11,29-Oct-11,HRDT,HIV test,"Standard Diagnostics, Inc.","HIV 1/2, Bioline 3.0 Kit, Lancets, Capillary pipets, Alcohol swabs included, 25 Tests","HIV 1/2, Bioline 3.0 Kit, Lancets, Capillary pipets, Alcohol swabs included",Bioline,,Test kit,25,10000,200000.0,20.0,0.8,"Standard Diagnostics, Korea",Yes,3334,21952.35,330.0
25279,114-UG-T30,FPQ-15314,SCMS-264750,ASN-31498,Uganda,PMO - US,Direct Drop,EXW,Air,11/11/14,12/4/14,5-May-15,5-May-15,5-May-15,HRDT,HIV test,"Orgenics, Ltd","HIV 1/2, Determine Complete HIV Kit, 100 Tests","HIV 1/2, Determine Complete HIV Kit",Determine,,Test kit,100,5655,452400.0,80.0,0.8,"Alere Medical Co., Ltd.",Yes,2290,18423.91,532.47
81990,116-ZA-T30,FPQ-12522,SCMS-199283,ASN-27976,South Africa,PMO - US,Direct Drop,DDP,Truck,7/11/13,8/27/14,27-Aug-14,27-Aug-14,27-Aug-14,ARV,Adult,S. BUYS WHOLESALER,"Emtricitabine/Tenofovir Disoproxil Fumarate 200/300mg, tablets, 30 Tabs",Emtricitabine/Tenofovir Disoproxil Fumarate,Generic,200/300mg,Tablet - FDC,30,16,539.58,33.72,1.12,"Aurobindo Unit III, India",No,Weight Captured Separately,Freight Included in Commodity Cost,0.67
40841,116-ZA-T30,FPQ-12522,SCMS-199283,ASN-27976,South Africa,PMO - US,Direct Drop,DDP,Truck,7/11/13,8/27/14,27-Aug-14,27-Aug-14,27-Aug-14,ARV,Adult,S. BUYS WHOLESALER,"Tenofovir Disoproxil Fumarate 300mg, tablets, 30 Tabs",Tenofovir Disoproxil Fumarate,Generic,300mg,Tablet,30,273,6169.93,22.6,0.75,"Aurobindo Unit III, India",No,Weight Captured Separately,Freight Included in Commodity Cost,7.63
4854,102-GY-T01,Pre-PQ Process,SCMS-35550,ASN-3190,Guyana,PMO - US,Direct Drop,EXW,Air,Pre-PQ Process,12/12/08,30-Jan-09,23-Jan-09,23-Jan-09,HRDT,HIV test,"Orgenics, Ltd","HIV 1/2, Determine Complete HIV Kit, 100 Tests","HIV 1/2, Determine Complete HIV Kit",Determine,,Test kit,100,351,25272.0,72.0,0.72,Inverness Japan,Yes,60,1097.78,49.53
86607,111-MZ-T30,FPQ-11884,SO-44870,DN-3339,Mozambique,PMO - US,From RDC,N/A - From RDC,Truck,3/19/13,N/A - From RDC,31-Oct-13,13-Nov-13,2-Dec-13,ARV,Adult,SCMS from RDC,"Lamivudine/Zidovudine 150/300mg, tablets, 60 Tabs",Lamivudine/Zidovudine,Generic,150/300mg,Tablet - FDC,60,39997,290778.19,7.27,0.12,Mylan (formerly Matrix) Nashik,No,See DN-3339 (ID#:83718),See DN-3339 (ID#:83718),359.69
55730,111-MZ-T30,FPQ-14235,SCMS-247370,ASN-30197,Mozambique,PMO - US,Direct Drop,CIP,Air,5/21/14,7/25/14,20-Jan-15,20-Jan-15,20-Jan-15,ARV,Adult,MERCK SHARP & DOHME IDEA GMBH (FORMALLY MERCK SHARP & DOHME B.V.),"Raltegravir 400mg [Isentress], tablets, 60 Tabs",Raltegravir,Isentress,400mg,Tablet,60,40,2220.0,55.5,0.92,"MSD, Haarlem, NL",Yes,Weight Captured Separately,Freight Included in Commodity Cost,2.28
82920,109-TZ-T30,FPQ-6226,SO-37310,DN-2024,Tanzania,PMO - US,From RDC,N/A - From RDC,Truck,8/16/10,N/A - From RDC,29-Oct-10,29-Oct-10,29-Oct-10,ARV,Adult,SCMS from RDC,"Efavirenz 600mg, tablets, 30 Tabs",Efavirenz,Generic,600mg,Tablet,30,90000,400500.0,4.45,0.15,Mylan (formerly Matrix) Nashik,Yes,7397,28022.17,863.48
82862,104-CI-T30,FPQ-4378,SO-34451,DN-1670,Côte d'Ivoire,PMO - US,From RDC,N/A - From RDC,Air,10/15/09,N/A - From RDC,16-Mar-10,10-Mar-10,10-Mar-10,ARV,Pediatric,SCMS from RDC,"Didanosine 200mg, chewable/dispersible tablets, 60 Tabs",Didanosine,Generic,200mg,Chewable/dispersible tablet,60,1485,23017.5,15.5,0.26,"Aurobindo Unit III, India",Yes,914,4519.97,45.11
65940,106-HT-T30,FPQ-7459,SCMS-106780,ASN-11663,Haiti,PMO - US,Direct Drop,DDU,Air,3/29/11,4/29/11,25-Jul-11,25-Jul-11,25-Jul-11,HRDT,HIV test,REINBOLD EXPORT IMPORT,"HIV 1/2, Determine Complete HIV Kit, 100 Tests","HIV 1/2, Determine Complete HIV Kit",Determine,,Test kit,100,1432,164680.0,115.0,1.15,Inverness Japan,Yes,Weight Captured Separately,Freight Included in Commodity Cost,271.72
84022,109-TZ-T30,FPQ-5237,SO-36043,DN-1947,Tanzania,PMO - US,From RDC,N/A - From RDC,Air,3/1/10,N/A - From RDC,21-Jul-10,21-Jul-10,21-Jul-10,ARV,Adult,SCMS from RDC,"Nevirapine 200mg, tablets, 60 Tabs",Nevirapine,Generic,200mg,Tablet,60,38500,105105.0,2.73,0.05,"Strides, Bangalore, India.",Yes,2695,13457.25,226.61
82286,106-HT-T30,FPQ-4384,SO-34700,DN-1609,Haiti,PMO - US,From RDC,N/A - From RDC,Air,10/23/09,N/A - From RDC,18-Jan-10,27-Jan-10,27-Jan-10,ARV,Pediatric,SCMS from RDC,"Nevirapine 10mg/ml, oral suspension, Bottle, 240 ml",Nevirapine,Generic,10mg/ml,Oral suspension,240,3635,6979.2,1.92,0.01,"Aurobindo Unit III, India",Yes,1345,14489.1,15.05
82888,117-ET-T30,FPQ-5624,SO-36710,DN-1843,Ethiopia,PMO - US,From RDC,N/A - From RDC,Air,5/4/10,N/A - From RDC,15-Jun-10,1-Jun-10,1-Jun-10,ARV,Adult,SCMS from RDC,"Abacavir 300mg, tablets, 60 Tabs",Abacavir,Generic,300mg,Tablet,60,4000,68560.0,17.14,0.29,"Aurobindo Unit III, India",Yes,400,961.46,147.82
83078,107-RW-T30,FPQ-10015,SO-42480,DN-2848,Rwanda,PMO - US,From RDC,N/A - From RDC,Air,6/4/12,N/A - From RDC,28-Sep-12,13-Sep-12,13-Sep-12,ARV,Adult,SCMS from RDC,"Nevirapine 200mg, tablets, 60 Tabs",Nevirapine,Generic,200mg,Tablet,60,69922,170609.68,2.44,0.04,"Strides, Bangalore, India.",Yes,4444,26081.05,239.19
86564,103-SS-T30,FPQ-11489,SO-44630,DN-3125,South Sudan,PMO - US,From RDC,N/A - From RDC,Air,1/16/13,N/A - From RDC,30-Apr-13,24-Apr-13,24-Apr-13,ARV,Adult,SCMS from RDC,"Efavirenz 600mg, tablets, 30 Tabs",Efavirenz,Generic,600mg,Tablet,30,2100,6993.0,3.33,0.11,"Strides, Bangalore, India.",No,See DN-3125 (ID#:82571),See DN-3125 (ID#:82571),8.65
42275,102-GY-T30,FPQ-4068,SCMS-52271,ASN-4991,Guyana,PMO - US,Direct Drop,EXW,Air,8/13/09,8/31/09,16-Oct-09,16-Oct-09,16-Oct-09,HRDT,HIV test,"Orgenics, Ltd","HIV 1/2, Determine Complete HIV Kit, 100 Tests","HIV 1/2, Determine Complete HIV Kit",Determine,,Test kit,100,507,36504.0,72.0,0.72,Inverness Japan,Yes,67,4400.85,71.55
85590,111-MZ-T30,FPQ-15229,SO-50500,DN-4237,Mozambique,PMO - US,From RDC,N/A - From RDC,Truck,10/17/14,N/A - From RDC,29-May-15,15-Jun-15,15-Jun-15,ARV,Adult,SCMS from RDC,"Tenofovir Disoproxil Fumarate 300mg, tablets, 30 Tabs",Tenofovir Disoproxil Fumarate,Generic,300mg,Tablet,30,960,3408.0,3.55,0.12,Hetero Unit III Hyderabad IN,Yes,76,137.4,4.01
82356,104-CI-T30,FPQ-5925,SO-37150,DN-2035,Côte d'Ivoire,PMO - US,From RDC,N/A - From RDC,Truck,6/23/10,N/A - From RDC,30-Nov-10,26-Nov-10,26-Nov-10,ARV,Pediatric,SCMS from RDC,"Abacavir 20mg/ml, oral solution w/syringe, Bottle, 240 ml",Abacavir,Generic,20mg/ml,Oral solution,240,36,493.2,13.7,0.06,"Aurobindo Unit III, India",Yes,7889,6406.53,1.06
83132,102-DO-T30,FPQ-11791,SO-44740,DN-3117,Dominican Republic,PMO - US,From RDC,N/A - From RDC,Air,3/4/13,N/A - From RDC,24-Apr-13,21-May-13,21-May-13,ARV,Adult,SCMS from RDC,"Nevirapine 200mg, tablets, 60 Tabs",Nevirapine,Generic,200mg,Tablet,60,3200,7232.0,2.26,0.04,Hetero Unit III Hyderabad IN,Yes,1230,8281.7,8.95
29951,114-UG-T30,FPQ-12154,SCMS-188330,ASN-20242,Uganda,PMO - US,Direct Drop,EXW,Air,4/23/13,5/9/13,15-Jul-13,15-Jul-13,15-Jul-13,HRDT,HIV test - Ancillary,"Orgenics, Ltd","Capillary Tubes, for Determine, EDTA, 50uL,100 Pcs","HIV, Capillary Tubes, for Determine, EDTA, 50uL,100 Pcs",Determine,,Test kit - Ancillary,100,1727,13816.0,8.0,0.08,"Alere Medical Co., Ltd.",Yes,130,534.86,17.09
86406,111-MZ-T30,FPQ-7053,SO-38691,DN-2330,Mozambique,PMO - US,From RDC,N/A - From RDC,Truck,1/24/11,N/A - From RDC,30-Nov-11,30-Nov-11,30-Nov-11,ARV,Pediatric,SCMS from RDC,"Zidovudine 10mg/ml, oral solution w/syringe, Bottle, 240 ml",Zidovudine,Generic,10mg/ml,Oral solution,240,1822,3680.44,2.02,0.01,"Aurobindo Unit III, India",Yes,707,826.26,6.07
56864,106-HT-T30,FPQ-12590,SCMS-210511,ASN-24884,Haiti,PMO - US,Direct Drop,CIP,Air,8/21/13,2/5/14,28-Mar-14,28-Mar-14,28-Mar-14,ARV,Adult,HETERO LABS LIMITED,"Lamivudine/Stavudine 150/30mg, tablets, 60 Tabs",Lamivudine/Stavudine,Generic,150/30mg,Tablet - FDC,60,288,717.12,2.49,0.04,Hetero Unit III Hyderabad IN,Yes,Weight Captured Separately,Freight Included in Commodity Cost,0.89
15,108-VN-T01,Pre-PQ Process,SCMS-78,ASN-50,Vietnam,PMO - US,Direct Drop,EXW,Air,Pre-PQ Process,Date Not Captured,1-Sep-06,1-Sep-06,1-Sep-06,ARV,Adult,SUN PHARMACEUTICAL INDUSTRIES LTD (RANBAXY LABORATORIES LIMITED),"Lamivudine 150mg, tablets, 60 Tabs",Lamivudine,Generic,150mg,Tablet,60,31920,127360.8,3.99,0.07,"Ranbaxy, Paonta Shahib, India",Yes,1855,16007.06,
10879,117-ET-T01,Pre-PQ Process,SO-914,DN-332,Ethiopia,PMO - US,From RDC,N/A - From RDC,,Pre-PQ Process,N/A - From RDC,4-Sep-07,4-Sep-07,4-Sep-07,ARV,Pediatric,SCMS from RDC,"Lamivudine 10mg/ml, oral solution, Bottle, 240 ml",Lamivudine,Generic,10mg/ml,Oral solution,240,15913,31348.61,1.97,0.01,"Aurobindo Unit III, India",No,See DN-332 (ID#:10613),See DN-332 (ID#:10613),50.16
16236,117-ET-T30,FPQ-14357,SCMS-244850,ASN-27243,Ethiopia,PMO - US,Direct Drop,EXW,Air,6/3/14,6/18/14,29-Jul-14,29-Jul-14,14-Aug-14,HRDT,HIV test,"CHEMBIO DIAGNOSTIC SYSTEMS, INC.","HIV 1/2, Stat-Pak HIV, Kit, 20 Tests","HIV 1/2, Stat-Pak HIV, Kit",Stat-Pak,,Test kit,20,679,22067.5,32.5,1.62,Chembio Diagnostics Sys. Inc.,Yes,195,2211.04,22.69
28996,101-AF-T30,FPQ-15746,SCMS-276460,ASN-31199,Afghanistan,PMO - US,Direct Drop,EXW,Air,1/20/15,2/12/15,18-Aug-15,18-Aug-15,18-Aug-15,ANTM,Malaria,AMSTELFARMA B.V.,"Sulfadoxine/Pyrimethamine 500/25mg, tablets, 1000 Tabs",Sulfadoxine/Pyrimethamine,Generic,500/25mg,Tablet - FDC,1000,26,936.0,36.0,0.04,"Micro Labs, Hosur, India",Yes,21,525.56,1.1
62421,116-ZA-T30,FPQ-15269,SCMS-267020,ASN-29764,South Africa,PMO - US,Direct Drop,DDP,Truck,10/29/14,12/10/14,10-Dec-14,10-Dec-14,10-Dec-14,ARV,Adult,S. BUYS WHOLESALER,"Efavirenz 600mg, tablets, 30 Tabs",Efavirenz,Generic,600mg,Tablet,30,912,12596.09,13.81,0.46,"Aurobindo Unit III, India",No,Weight Captured Separately,Freight Included in Commodity Cost,14.83
19873,116-ZA-T30,FPQ-14942,SCMS-259078,ASN-33470,South Africa,PMO - US,Direct Drop,DDP,Truck,9/11/14,10/9/14,24-Jul-15,24-Jul-15,24-Jul-15,ARV,Adult,PHARMACY DIRECT,"Nevirapine 200mg, tablets, 60 Tabs",Nevirapine,Generic,200mg,Tablet,60,23,315.96,13.74,0.23,"Aurobindo Unit III, India",No,Weight Captured Separately,Freight Included in Commodity Cost,0.32
6624,110-ZM-T01,Pre-PQ Process,SCMS-164,ASN-146,Zambia,PMO - US,Direct Drop,EXW,Air,Pre-PQ Process,Date Not Captured,9-Jan-07,9-Jan-07,9-Jan-07,ARV,Adult,"GILEAD SCIENCES IRELAND, INC.","Emtricitabine/Tenofovir Disoproxil Fumarate 200/300mg [Truvada], tablets, 30 Tabs",Emtricitabine/Tenofovir Disoproxil Fumarate,Truvada,300/200mg,Tablet - FDC,30,14851,389838.75,26.25,0.88,Gilead(Nycomed) Oranienburg DE,Yes,1244,6546.69,
5195,116-ZA-T01,Pre-PQ Process,SCMS-47051,ASN-4836,South Africa,PMO - US,Direct Drop,DDP,Truck,Pre-PQ Process,6/5/09,12-Oct-09,28-Jul-09,28-Jul-09,ARV,Adult,S. BUYS WHOLESALER,"Lopinavir/Ritonavir 200/50mg [Aluvia], tablets, 120 Tabs",Lopinavir/Ritonavir,Aluvia,200/50mg,Tablet,120,200,8396.0,41.98,0.35,ABBVIE Ludwigshafen Germany,No,Weight Captured Separately,Freight Included in Commodity Cost,16.46
83181,113-ZW-T30,FPQ-11545,SO-44360,DN-3413,Zimbabwe,PMO - US,From RDC,N/A - From RDC,Truck,1/24/13,N/A - From RDC,30-Nov-13,25-Nov-13,9-Dec-13,ARV,Adult,SCMS from RDC,"Nevirapine 200mg, tablets, 60 Tabs",Nevirapine,Generic,200mg,Tablet,60,51520,119011.2,2.31,0.04,"Cipla, Goa, India",Yes,19991,10942.88,147.22
86626,104-CI-T30,FPQ-11253,SO-44211,DN-3397,Côte d'Ivoire,PMO - US,From RDC,N/A - From RDC,Truck,12/14/12,N/A - From RDC,29-Nov-13,9-Dec-13,20-Dec-13,ARV,Adult,SCMS from RDC,"Lamivudine/Nevirapine/Zidovudine 150/200/300mg, tablets, 60 Tabs",Lamivudine/Nevirapine/Zidovudine,Generic,150/300/200mg,Tablet - FDC,60,41700,344442.0,8.26,0.14,"Aurobindo Unit III, India",Yes,4873,18002.87,426.07
48842,116-ZA-T30,FPQ-12522,SCMS-199288,ASN-27197,South Africa,PMO - US,Direct Drop,DDP,Truck,7/11/13,7/10/14,10-Jul-14,10-Jul-14,10-Jul-14,ARV,Pediatric,S. BUYS WHOLESALER,"Lopinavir/Ritonavir 80/20mg/ml [Kaletra], oral solution, cool, Bottle 5 x 60 ml",Lopinavir/Ritonavir,Kaletra,80/20mg/ml,Oral solution,300,4,93.81,23.45,0.08,ABBVIE (Abbott) Logis. UK,Yes,Weight Captured Separately,Freight Included in Commodity Cost,0.12
12734,104-CI-T01,Pre-PQ Process,SO-1245,DN-423,Côte d'Ivoire,PMO - US,From RDC,N/A - From RDC,Air,Pre-PQ Process,N/A - From RDC,13-Nov-07,13-Nov-07,13-Nov-07,ARV,Adult,SCMS from RDC,"Zidovudine 300mg, tablets, 60 Tabs",Zidovudine,Generic,300mg,Tablet,60,6,48.9,8.15,0.14,"Aurobindo Unit III, India",No,See DN-423 (ID#:11194),See DN-423 (ID#:11194),0.08
85805,110-ZM-T30,FPQ-7767,SO-40271,DN-2431,Zambia,PMO - US,From RDC,N/A - From RDC,Truck,7/26/11,N/A - From RDC,28-Feb-12,28-Nov-11,28-Nov-11,ARV,Adult,SCMS from RDC,"Abacavir 300mg, tablets, 60 Tabs",Abacavir,Generic,300mg,Tablet,60,2548,38321.92,15.04,0.25,Mylan (formerly Matrix) Nashik,Yes,257,361.73,63.23
84785,114-UG-T30,FPQ-11143,SO-43961,DN-3001,Uganda,PMO - US,From RDC,N/A - From RDC,Air,12/13/12,N/A - From RDC,22-Feb-13,20-Feb-13,20-Feb-13,ARV,Adult,SCMS from RDC,"Lopinavir/Ritonavir 200/50mg, tablets, 120 Tabs",Lopinavir/Ritonavir,Generic,200/50mg,Tablet,120,12440,308014.4,24.76,0.21,"Aurobindo Unit III, India",No,See DN-3001 (ID#:83651),See DN-3001 (ID#:83651),381.01
3302,108-VN-T01,Pre-PQ Process,SCMS-27370,ASN-2806,Vietnam,PMO - US,Direct Drop,EXW,Air,Pre-PQ Process,7/24/08,29-Nov-08,29-Nov-08,29-Nov-08,ARV,Adult,CIPLA LIMITED,"Lamivudine/Nevirapine/Stavudine 150/200/30mg, tablets, 60 Tabs",Lamivudine/Nevirapine/Stavudine,Generic,150/200/30mg,Tablet - FDC,60,1440,10440.0,7.25,0.12,"Cipla, Goa, India",Yes,128,2147.61,20.46
14542,161-ZA-T30,FPQ-5303,SCMS-68980,ASN-9647,South Africa,PMO - US,Direct Drop,DDP,Air,3/18/10,3/19/10,24-Aug-10,4-Mar-11,4-Mar-11,ARV,Pediatric,Aurobindo Pharma Limited,"Lamivudine 10mg/ml, oral solution w/syringe, Bottle, 240 ml",Lamivudine,Generic,10mg/ml,Oral solution,240,6395,19185.0,3.0,0.01,"Aurobindo Unit III, India",Yes,Weight Captured Separately,Freight Included in Commodity Cost,41.36
63401,114-UG-T30,FPQ-12290,SCMS-192180,ASN-24273,Uganda,PMO - US,Direct Drop,CIP,Air,5/17/13,7/3/13,14-Feb-14,14-Feb-14,19-Feb-14,ARV,Adult,ASPEN PHARMACARE,"Darunavir 300mg [Prezista], tablets, 120 Tabs",Darunavir,Prezista,300mg,Tablet,120,454,30236.4,66.6,0.55,"Aspen-OSD, Port Elizabeth, SA",Yes,79,281.94,37.4
86536,104-CI-T30,FPQ-10626,SO-43290,DN-2959,Côte d'Ivoire,PMO - US,From RDC,N/A - From RDC,Truck,9/6/12,N/A - From RDC,27-Feb-13,14-Jan-13,14-Jan-13,ARV,Adult,SCMS from RDC,"Abacavir/Lamivudine 600/300mg, scored tablets, 30 Tabs",Abacavir/Lamivudine,Generic,600/300mg,Tablet - FDC,30,1800,40500.0,22.5,0.75,"Aurobindo Unit III, India",Yes,174,2148.5,56.78
57538,161-ZA-T30,FPQ-6262,SCMS-83810,ASN-10575,South Africa,PMO - US,Direct Drop,DDP,Ocean,8/31/10,9/24/10,3-Jun-11,3-Jun-11,3-Jun-11,ARV,Pediatric,Aurobindo Pharma Limited,"Efavirenz 50mg, capsule, 30 Caps",Efavirenz,Generic,50mg,Capsule,30,55000,131450.0,2.39,0.08,"Aurobindo Unit III, India",Yes,3099,7321.43,283.41
86358,104-CI-T30,FPQ-6144,SO-38130,DN-2076,Côte d'Ivoire,PMO - US,From RDC,N/A - From RDC,Air,8/3/10,N/A - From RDC,15-Dec-10,15-Dec-10,15-Dec-10,ARV,Adult,SCMS from RDC,"Zidovudine 300mg, tablets, 60 Tabs",Zidovudine,Generic,300mg,Tablet,60,6438,46417.98,7.21,0.12,"Aurobindo Unit III, India",No,See DN-2076 (ID#:85168),See DN-2076 (ID#:85168),100.08
85038,114-UG-T30,FPQ-15294,SO-50053,DN-4298,Uganda,PMO - US,From RDC,N/A - From RDC,Truck,11/3/14,N/A - From RDC,15-Jul-15,9-Jul-15,13-Jul-15,ARV,Pediatric,SCMS from RDC,"Abacavir/Lamivudine 60/30mg, dispersible tablets, 60 Tabs",Abacavir/Lamivudine,Generic,60/30mg,Chewable/dispersible tablet - FDC,60,14476,57180.2,3.95,0.07,"Cipla, Patalganga, India",Yes,839,8402.24,67.3
5979,116-ZA-T01,Pre-PQ Process,SCMS-28830,ASN-2503,South Africa,PMO - US,Direct Drop,DDP,Truck,Pre-PQ Process,Date Not Captured,25-Aug-08,14-Aug-08,14-Aug-08,ARV,Adult,S. BUYS WHOLESALER,"Didanosine EC 250mg [Videx EC], delayed-release capsules, Blister 3 x 10 Caps",Didanosine EC,Videx EC,250mg,Delayed-release capsules - blister,30,100,1828.0,18.28,0.61,"BMS Meymac, France",No,Weight Captured Separately,Freight Included in Commodity Cost,2.92
22516,116-ZA-T30,FPQ-12522,SCMS-199283,ASN-27978,South Africa,PMO - US,Direct Drop,DDP,Truck,7/11/13,8/27/14,27-Aug-14,27-Aug-14,27-Aug-14,ARV,Pediatric,S. BUYS WHOLESALER,"Lamivudine 10mg/ml, oral solution w/syringe, Bottle, 240 ml",Lamivudine,Generic,10mg/ml,Oral solution,240,13,103.95,8.0,0.03,"Aurobindo Unit III, India",No,Weight Captured Separately,Freight Included in Commodity Cost,0.13
75181,101-CD-T30,FPQ-13548,SCMS-224840,ASN-24721,"Congo, DRC",PMO - US,Direct Drop,EXW,Air,1/22/14,1/28/14,4-Apr-14,4-Apr-14,28-Apr-14,HRDT,HIV test,"Trinity Biotech, Plc","HIV 1/2, Uni-Gold HIV Kit, 20 Tests","HIV 1/2, Uni-Gold HIV Kit",Uni-Gold,,Test kit,20,5,160.0,32.0,1.6,"Trinity Biotech, Plc",No,See ASN-24721 (ID#:13708),See ASN-24721 (ID#:13708),0.16
83459,102-UG-T30,FPQ-6403,SO-37480,DN-2031,Uganda,PMO - US,From RDC,N/A - From RDC,Air,9/16/10,N/A - From RDC,20-Oct-10,26-Oct-10,26-Oct-10,ARV,Adult,SCMS from RDC,"Lamivudine/Nevirapine/Stavudine 150/200/30mg, tablets, 60 Tabs",Lamivudine/Nevirapine/Stavudine,Generic,150/200/30mg,Tablet - FDC,60,1193,6835.89,5.73,0.1,"Cipla, Goa, India",Yes,144,1413.56,14.74
7183,107-RW-T01,Pre-PQ Process,SCMS-25210,ASN-1966,Rwanda,PMO - US,Direct Drop,EXW,Air,Pre-PQ Process,6/12/08,4-Jul-08,4-Jul-08,4-Jul-08,HRDT,HIV test,Premier Medical Corporation Ltd.,"HIV 1/2/O, First Response HIV 1-2.0, v.3.0 Cards Kit, 30 Tests","HIV 1/2/O, First Response HIV 1-2.0, v.3.0 Cards Kit",First Response,,Test kit,30,6180,101970.0,16.5,0.55,Premier Med. Corp Ltd. India,Yes,2130,17331.66,163.15
29968,107-RW-T30,FPQ-6417,SCMS-86430,ASN-8406,Rwanda,PMO - US,Direct Drop,EXW,Air,9/20/10,9/21/10,20-Oct-10,20-Oct-10,20-Oct-10,HRDT,HIV test,"Standard Diagnostics, Inc.","HIV 1/2, Bioline 3.0 Kit, (no accessories), 30 Tests","HIV 1/2, Bioline 3.0 Kit (no accessories)",Bioline,,Test kit,30,1700,40800.0,24.0,0.8,"Standard Diagnostics, Korea",Yes,604,8823.41,87.96
86008,109-TZ-T30,FPQ-12015,SO-44980,DN-3347,Tanzania,PMO - US,From RDC,N/A - From RDC,Truck,4/2/13,N/A - From RDC,31-Oct-13,4-Nov-13,6-Nov-13,ARV,Adult,SCMS from RDC,"Emtricitabine/Tenofovir Disoproxil Fumarate 200/300mg, tablets, 30 Tabs",Emtricitabine/Tenofovir Disoproxil Fumarate,Generic,200/300mg,Tablet - FDC,30,3478,21111.46,6.07,0.2,Mylan (formerly Matrix) Nashik,No,See DN-3347 (ID#:82611),See DN-3347 (ID#:82611),26.11
84130,101-CD-T30,FPQ-8840,SO-41130,DN-2492,"Congo, DRC",PMO - US,From RDC,N/A - From RDC,Air,11/21/11,N/A - From RDC,16-Mar-12,14-Feb-12,14-Feb-12,ARV,Adult,SCMS from RDC,"Nevirapine 200mg, tablets, 60 Tabs",Nevirapine,Generic,200mg,Tablet,60,26,67.08,2.58,0.04,"Strides, Bangalore, India.",No,See DN-2492 (ID#:82999),See DN-2492 (ID#:82999),0.09
27942,103-AO-T30,FPQ-11074,SCMS-171780,ASN-17959,Angola,PMO - US,Direct Drop,FCA,Air,12/7/12,1/3/13,25-Apr-13,25-Apr-13,25-Apr-13,ARV,Pediatric,ABBVIE LOGISTICS (FORMERLY ABBOTT LOGISTICS BV),"Lopinavir/Ritonavir 80/20mg/ml [Kaletra], oral solution, cool, Bottle 5 x 60 ml",Lopinavir/Ritonavir,Kaletra,80/20mg/ml,Oral solution,300,480,14793.6,30.82,0.1,ABBVIE (Abbott) Logis. UK,Yes,492,4281.43,18.3
71388,161-ZA-T30,FPQ-6708,SCMS-93540,ASN-10572,South Africa,PMO - US,Direct Drop,DDP,Ocean,11/26/10,12/14/10,31-May-11,13-Jun-11,13-Jun-11,ARV,Adult,Aurobindo Pharma Limited,"Tenofovir Disoproxil Fumarate 300mg, tablets, 30 Tabs",Tenofovir Disoproxil Fumarate,Generic,300mg,Tablet,30,100,665.0,6.65,0.22,"Aurobindo Unit III, India",Yes,11,8809.05,1.1
11433,111-MZ-T01,Pre-PQ Process,SO-927,DN-308,Mozambique,PMO - US,From RDC,N/A - From RDC,Air,Pre-PQ Process,N/A - From RDC,4-Sep-07,4-Sep-07,4-Sep-07,ARV,Adult,SCMS from RDC,"Stavudine 30mg, capsules, 60 Caps",Stavudine,Generic,30mg,Capsule,60,630,957.6,1.52,0.03,"Aurobindo Unit III, India",Yes,36,1998.5,1.53
44448,161-ZA-T30,FPQ-7175,SCMS-104080,ASN-12035,South Africa,PMO - US,Direct Drop,DDP,Ocean,3/10/11,3/28/11,13-Dec-11,13-Dec-11,13-Dec-11,ARV,Adult,CIPLA LIMITED,"Nevirapine 200mg, tablets, 60 Tabs",Nevirapine,Generic,200mg,Tablet,60,104636,284609.92,2.72,0.05,"Cipla, Goa, India",Yes,11275,8527.46,469.61
23149,105-SS-T30,FPQ-15569,SCMS-272170,ASN-32106,South Sudan,PMO - US,Direct Drop,EXW,Air,12/29/14,2/20/15,2-Jul-15,7-Jul-15,7-Jul-15,HRDT,HIV test - Ancillary,"Orgenics, Ltd","Capillary Tubes, for Determine, EDTA, 50uL,100 Pcs","HIV, Capillary Tubes, for Determine, EDTA, 50uL,100 Pcs",Determine,,Test kit - Ancillary,100,20,160.0,8.0,0.08,"Alere Medical Co., Ltd.",No,See ASN-32106 (ID#:19172),See ASN-32106 (ID#:19172),0.19
400,117-ET-T01,Pre-PQ Process,SCMS-18430,ASN-1465,Ethiopia,PMO - US,Direct Drop,DDP,,Pre-PQ Process,2/29/08,11-Mar-08,11-Mar-08,11-Mar-08,HRDT,HIV test,TURE PHARMACEUTICALS & MEDICAL SUPPLIES P.L.C.,"HIV 1/2, Capillus HIV Kit, 100 Tests","HIV 1/2, Capillus HIV Kit",Capillus,,Test kit,100,63,13399.25,212.69,2.13,"Trinity Biotech, Plc",Yes,Weight Captured Separately,Freight Included in Commodity Cost,21.44
28862,116-ZA-T30,FPQ-3560,SCMS-49642,ASN-5242,South Africa,PMO - US,Direct Drop,DDP,Truck,5/7/09,7/21/09,11-Sep-09,11-Sep-09,11-Sep-09,ARV,Adult,S. BUYS WHOLESALER,"Lopinavir/Ritonavir 200/50mg [Aluvia], tablets, 120 Tabs",Lopinavir/Ritonavir,Aluvia,200/50mg,Tablet,120,8000,375880.98,46.99,0.39,ABBVIE Ludwigshafen Germany,Yes,Weight Captured Separately,Freight Included in Commodity Cost,736.73
83468,104-CI-T30,FPQ-5925,SO-38010,DN-2062,Côte d'Ivoire,PMO - US,From RDC,N/A - From RDC,Air,6/23/10,N/A - From RDC,7-Dec-10,13-Dec-10,13-Dec-10,ARV,Adult,SCMS from RDC,"Lopinavir/Ritonavir 200/50mg [Aluvia], tablets, 120 Tabs",Lopinavir/Ritonavir,Aluvia,200/50mg,Tablet,120,1000,36160.0,36.16,0.3,ABBVIE Ludwigshafen Germany,Yes,205,3962.5,77.96
83195,103-ZW-T30,FPQ-12086,SO-45130,DN-3457,Zimbabwe,PMO - US,From RDC,N/A - From RDC,Truck,4/19/13,N/A - From RDC,31-Jan-14,13-Jan-14,23-Jan-14,ARV,Pediatric,SCMS from RDC,"Abacavir 20mg/ml, oral solution w/syringe, Bottle, 240 ml",Abacavir,Generic,20mg/ml,Oral solution,240,194,1650.94,8.51,0.04,"Aurobindo Unit III, India",No,See DN-3457 (ID#:82626),See DN-3457 (ID#:82626),2.04
14803,107-RW-T30,FPQ-13651,SCMS-227720,ASN-25269,Rwanda,PMO - US,Direct Drop,EXW,Air,2/5/14,2/28/14,6-May-14,6-May-14,15-May-14,ARV,Pediatric,Aurobindo Pharma Limited,"Nevirapine 10mg/ml, oral suspension w/syringe, Bottle, 240 ml",Nevirapine,Generic,10mg/ml,Oral suspension,240,9720,14677.2,1.51,0.01,"Aurobindo Unit III, India",Yes,4365,Freight Included in Commodity Cost,15.09
8185,116-ZA-T01,Pre-PQ Process,SCMS-14050,ASN-1251,South Africa,PMO - US,Direct Drop,DDP,,Pre-PQ Process,11/12/07,29-Jan-08,29-Jan-08,29-Jan-08,ARV,Pediatric,"JSI R&T INSTITUTE, INC.","Efavirenz 200mg [Stocrin/Sustiva], capsule, 90 Caps",Efavirenz,Stocrin/Sustiva,200mg,Capsule,90,60,2112.0,35.2,0.39,"MSD Midrand, J'burg, SA",No,Weight Captured Separately,Freight Included in Commodity Cost,3.38
83963,104-CI-T30,FPQ-4378,SO-34460,DN-1527,Côte d'Ivoire,PMO - US,From RDC,N/A - From RDC,Air,10/15/09,N/A - From RDC,30-Nov-09,2-Dec-09,2-Dec-09,ARV,Adult,SCMS from RDC,"Abacavir 300mg, tablets, 60 Tabs",Abacavir,Generic,300mg,Tablet,60,2590,55477.8,21.42,0.36,Mylan (formerly Matrix) Nashik,Yes,257,1211.48,108.74
86683,114-UG-T30,FPQ-13107,SO-46850,DN-3713,Uganda,PMO - US,From RDC,N/A - From RDC,Truck,10/16/13,N/A - From RDC,30-May-14,28-May-14,11-Jun-14,ARV,Adult,SCMS from RDC,"Lamivudine/Nevirapine/Zidovudine 150/200/300mg, tablets, 60 Tabs",Lamivudine/Nevirapine/Zidovudine,Generic,150/300/200mg,Tablet - FDC,60,45950,372654.5,8.11,0.14,Hetero Unit III Hyderabad IN,Yes,6061,6901.96,383.09
85756,111-MZ-T30,FPQ-7053,SO-38650,DN-2184,Mozambique,PMO - US,From RDC,N/A - From RDC,Truck,1/24/11,N/A - From RDC,11-May-11,25-May-11,25-May-11,ARV,Adult,SCMS from RDC,"Lamivudine/Zidovudine 150/300mg, tablets, 60 Tabs",Lamivudine/Zidovudine,Generic,150/300mg,Tablet - FDC,60,45000,384750.0,8.55,0.14,"Aurobindo Unit III, India",Yes,4171,3936.85,634.84
86060,105-GY-T30,FPQ-13071,SO-46800,DN-3585,Guyana,PMO - US,From RDC,N/A - From RDC,Air,10/9/13,N/A - From RDC,31-Mar-14,3-Apr-14,6-Jun-14,ARV,Adult,SCMS from RDC,"Lopinavir/Ritonavir 200/50mg, tablets, 120 Tabs",Lopinavir/Ritonavir,Generic,200/50mg,Tablet,120,1484,31164.0,21.0,0.18,"Aurobindo Unit III, India",No,See DN-3585 (ID#:83223),See DN-3585 (ID#:83223),32.04
65693,116-ZA-T30,FPQ-13035,SCMS-215370,ASN-24415,South Africa,PMO - US,Direct Drop,DDP,Truck,10/8/13,12/2/13,6-Feb-14,6-Feb-14,6-Feb-14,ARV,Adult,S. BUYS WHOLESALER,"Tenofovir Disoproxil Fumarate 300mg, tablets, 30 Tabs",Tenofovir Disoproxil Fumarate,Generic,300mg,Tablet,30,2906,54302.12,18.69,0.62,Hetero Unit III Hyderabad IN,No,Weight Captured Separately,Freight Included in Commodity Cost,67.17
60168,161-ZA-T30,FPQ-5303,SCMS-68740,ASN-7868,South Africa,PMO - US,Direct Drop,DDP,Air,3/18/10,3/19/10,1-Sep-10,3-Sep-10,3-Sep-10,ARV,Adult,CIPLA LIMITED,"Tenofovir Disoproxil Fumarate 300mg, tablets, 30 Tabs",Tenofovir Disoproxil Fumarate,Generic,300mg,Tablet,30,64771,506509.22,7.82,0.26,"Cipla, Goa, India",Yes,4398,5298.03,1092.03
19405,109-TZ-T30,FPQ-12197,SCMS-189360,ASN-21234,Tanzania,PMO - US,Direct Drop,EXW,Air,4/30/13,5/29/13,17-Sep-13,16-Sep-13,16-Sep-13,HRDT,HIV test,"Standard Diagnostics, Inc.","HIV 1/2, Determine Complete HIV Kit, 100 Tests","HIV 1/2, Determine Complete HIV Kit",Determine,,Test kit,100,3039,0.0,0.0,0.0,"Alere Medical Co., Ltd.",Yes,1257,21351.18,0.0
84128,151-NG-T30,FPQ-8364,SO-40662,DN-2464,Nigeria,PMO - US,From RDC,N/A - From RDC,Air Charter,8/29/11,N/A - From RDC,16-Mar-12,18-Dec-11,18-Dec-11,ARV,Adult,SCMS from RDC,"Lamivudine/Tenofovir Disoproxil Fumarate 300/300mg, tablets, 30 Tabs",Lamivudine/Tenofovir Disoproxil Fumarate,Generic,300/300mg,Tablet - FDC,30,53279,438486.17,8.23,0.27,Mylan (formerly Matrix) Nashik,Yes,5494,15322.73,723.5
30475,102-BW-T30,FPQ-5352,SCMS-75630,ASN-7750,Botswana,PMO - US,Direct Drop,EXW,Air,3/30/10,6/8/10,6-Sep-10,6-Sep-10,6-Sep-10,HRDT,HIV test,"Orgenics, Ltd","HIV 1/2, Determine Complete HIV Kit, 100 Tests","HIV 1/2, Determine Complete HIV Kit",Determine,,Test kit,100,10,800.0,80.0,0.8,Inverness Japan,Yes,5,760.22,1.72
84556,114-UG-T30,FPQ-4495,SO-34940,DN-1801,Uganda,PMO - US,From RDC,N/A - From RDC,Air,10/28/09,N/A - From RDC,3-May-10,3-May-10,3-May-10,ARV,Adult,SCMS from RDC,"Efavirenz 600mg, tablets, 30 Tabs",Efavirenz,Generic,600mg,Tablet,30,1621,7699.75,4.75,0.16,Mylan (formerly Matrix) Nashik,No,See DN-1801 (ID#:83423),See DN-1801 (ID#:83423),16.6
12869,113-ZW-T01,Pre-PQ Process,SO-13980,DN-972,Zimbabwe,PMO - US,From RDC,N/A - From RDC,Truck,Pre-PQ Process,N/A - From RDC,31-Oct-08,31-Oct-08,31-Oct-08,ARV,Adult,SCMS from RDC,"Lamivudine/Stavudine 150/30mg, tablets, 30 Tabs",Lamivudine/Stavudine,Generic,150/30mg,Tablet - FDC,30,8000,16000.0,2.0,0.07,"Cipla, Goa, India",Yes,483,2947.59,31.36
83629,102-ZW-T30,FPQ-9927,SO-42302,DN-2881,Zimbabwe,PMO - US,From RDC,N/A - From RDC,Truck,5/15/12,N/A - From RDC,31-Oct-12,18-Oct-12,18-Oct-12,ARV,Adult,SCMS from RDC,"Lamivudine/Zidovudine 150/300mg, tablets, 60 Tabs",Lamivudine/Zidovudine,Generic,150/300mg,Tablet - FDC,60,69990,540322.8,7.72,0.13,"Cipla, Goa, India",Yes,6408,Freight Included in Commodity Cost,757.53
81197,144-BW-T30,FPQ-4167,SCMS-54160,ASN-5246,Botswana,PMO - US,Direct Drop,EXW,Air,9/9/09,9/30/09,23-Nov-09,23-Nov-09,23-Nov-09,HRDT,HIV test - Ancillary,Orasure Technologies Inc.,"#109435**HIV, OraQuick Controls Kit, 3 Vials","HIV, OraQuick Controls Kit, 3 Vials",OraQuick,,Test kit - Ancillary,3,10,250.0,25.0,8.33,"Orasure Technologies, Inc USA",Yes,6,337.89,0.49
40868,116-ZA-T30,FPQ-11828,SCMS-183970,ASN-19157,South Africa,South Africa Field Office,Direct Drop,DDP,Truck,3/18/13,Date Not Captured,12-Apr-13,12-Apr-13,12-Apr-13,ARV,Pediatric,S. BUYS WHOLESALER,"Lopinavir/Ritonavir 80/20mg/ml [Kaletra], oral solution, cool, Bottle 5 x 60 ml",Lopinavir/Ritonavir,Kaletra,80/20mg/ml,Oral solution,300,48,1199.64,24.99,0.08,ABBVIE (Abbott) Logis. UK,Yes,Weight Captured Separately,Freight Included in Commodity Cost,1.48
86625,113-ZW-T30,FPQ-10895,SO-43550,DN-3404,Zimbabwe,PMO - US,From RDC,N/A - From RDC,Truck,10/25/12,N/A - From RDC,30-Nov-13,25-Nov-13,9-Dec-13,ARV,Adult,SCMS from RDC,"Efavirenz/Lamivudine/Tenofovir Disoproxil Fumarate 600/300/300mg, tablets, 30 Tabs",Efavirenz/Lamivudine/Tenofovir Disoproxil Fumarate,Generic,600/300/300mg,Tablet - FDC,30,20160,224784.0,11.15,0.37,Mylan (formerly Matrix) Nashik,Yes,2277,10942.88,278.06
66062,108-VN-T30,FPQ-15823,SCMS-277290,ASN-33205,Vietnam,PMO - US,Direct Drop,FCA,Air,2/13/15,3/2/15,12-Aug-15,12-Aug-15,12-Aug-15,ARV,Adult,ABBVIE LOGISTICS (FORMERLY ABBOTT LOGISTICS BV),"Lopinavir/Ritonavir 200/50mg [Aluvia], tablets, 120 Tabs",Lopinavir/Ritonavir,Aluvia,200/50mg,Tablet,120,5000,304000.0,60.8,0.51,ABBVIE Ludwigshafen Germany,Yes,Weight Captured Separately,Invoiced Separately,357.81
420,108-VN-T01,Pre-PQ Process,SCMS-19490,ASN-1753,Vietnam,PMO - US,Direct Drop,EXW,Air,Pre-PQ Process,3/31/08,3-Jun-08,3-Jun-08,3-Jun-08,ARV,Adult,MYLAN LABORATORIES LTD (FORMERLY MATRIX LABORATORIES),"Efavirenz 600mg, tablets, 30 Tabs",Efavirenz,Generic,600mg,Tablet,30,8400,96432.0,11.48,0.38,Mylan (formerly Matrix) Nashik,Yes,654,4051.34,154.29
86553,113-ZW-T30,FPQ-10632,SO-43210,DN-3030,Zimbabwe,PMO - US,From RDC,N/A - From RDC,Truck,9/11/12,N/A - From RDC,14-Mar-13,14-Mar-13,14-Mar-13,ARV,Adult,SCMS from RDC,"Lamivudine/Tenofovir Disoproxil Fumarate 300/300mg, tablets, 30 Tabs",Lamivudine/Tenofovir Disoproxil Fumarate,Generic,300/300mg,Tablet - FDC,30,20519,96439.3,4.7,0.16,"Aurobindo Unit VII, IN",No,See DN-3030 (ID#:82549),See DN-3030 (ID#:82549),135.21
10949,109-TZ-T01,Pre-PQ Process,SO-2000,DN-722,Tanzania,PMO - US,From RDC,N/A - From RDC,,Pre-PQ Process,N/A - From RDC,30-Apr-08,30-Apr-08,30-Apr-08,ARV,Adult,SCMS from RDC,"Lopinavir/Ritonavir 200/50mg [Aluvia], tablets, 120 Tabs",Lopinavir/Ritonavir,Aluvia,200/50mg,Tablet,120,2580,106038.0,41.1,0.34,ABBVIE Ludwigshafen Germany,Yes,559,3562.4,169.66
18740,202-GT-T30,FPQ-6944,SCMS-98041,ASN-14350,Guatemala,PMO - US,Direct Drop,DDU,Air,1/17/11,1/25/11,21-May-12,21-May-12,21-May-12,ARV,Pediatric,IDIS LIMITED,"Didanosine 50mg [Videx], chewable tablets, 60 Tabs",Didanosine,Videx,50mg,Chewable/dispersible tablet,60,161,12174.82,75.62,1.26,Bristol-Myers Squibb Anagni IT,Yes,Weight Captured Separately,Freight Included in Commodity Cost,20.09
42221,108-VN-T30,FPQ-4265,SCMS-57130,ASN-6266,Vietnam,PMO - US,Direct Drop,EXW,Air,10/20/09,11/13/09,19-Mar-10,19-Mar-10,19-Mar-10,ARV,Adult,Aurobindo Pharma Limited,"Abacavir 300mg, tablets, 60 Tabs",Abacavir,Generic,300mg,Tablet,60,200,3780.0,18.9,0.32,"Aurobindo Unit III, India",No,See ASN-6266 (ID#:15368),See ASN-6266 (ID#:15368),7.41
84047,102-UG-T30,FPQ-6403,SO-37460,DN-2026,Uganda,PMO - US,From RDC,N/A - From RDC,Air,9/16/10,N/A - From RDC,20-Oct-10,25-Oct-10,25-Oct-10,ARV,Adult,SCMS from RDC,"Efavirenz 600mg, tablets, 30 Tabs",Efavirenz,Generic,600mg,Tablet,30,27304,118499.36,4.34,0.14,Mylan (formerly Matrix) Nashik,Yes,13087,56372.66,255.48
64864,117-ET-T30,FPQ-15928,SCMS-280480,ASN-31720,Ethiopia,PMO - US,Direct Drop,EXW,Air,3/10/15,3/17/15,27-Apr-15,27-Apr-15,27-Apr-15,HRDT,HIV test,"CHEMBIO DIAGNOSTIC SYSTEMS, INC.","HIV 1/2, Stat-Pak HIV, Kit, 20 Tests","HIV 1/2, Stat-Pak HIV, Kit",Stat-Pak,,Test kit,20,360,11700.0,32.5,1.62,Chembio Diagnostics Sys. Inc.,Yes,112,1414.69,13.77
11113,100-CI-T01,Pre-PQ Process,SO-394,DN-61,Côte d'Ivoire,PMO - US,From RDC,N/A - From RDC,,Pre-PQ Process,N/A - From RDC,4-May-07,4-May-07,4-May-07,ARV,Adult,SCMS from RDC,"Lamivudine/Zidovudine 150/300mg, tablets, 60 Tabs",Lamivudine/Zidovudine,Generic,150/300mg,Tablet - FDC,60,10000,102500.0,10.25,0.17,"Aurobindo Unit III, India",Yes,980,3179,
82452,104-CI-T30,FPQ-8363,SO-40820,DN-2551,Côte d'Ivoire,PMO - US,From RDC,N/A - From RDC,Truck,8/29/11,N/A - From RDC,2-Mar-12,24-Feb-12,24-Feb-12,ARV,Adult,SCMS from RDC,"Tenofovir Disoproxil Fumarate 300mg, tablets, 30 Tabs",Tenofovir Disoproxil Fumarate,Generic,300mg,Tablet,30,2160,11880.0,5.5,0.18,Mylan (formerly Matrix) Nashik,Yes,1122,6009.47,19.6
46156,109-TZ-T30,FPQ-9211,SCMS-136930,ASN-14645,Tanzania,PMO - US,Direct Drop,EXW,Air,1/25/12,2/17/12,25-May-12,25-May-12,25-May-12,HRDT,HIV test,"Orgenics, Ltd","HIV 1/2, Determine Complete HIV Kit, 100 Tests","HIV 1/2, Determine Complete HIV Kit",Determine,,Test kit,100,2926,234080.0,80.0,0.8,"Alere Medical Co., Ltd.",Yes,1394,24596.33,328.18
83114,102-ZW-T30,FPQ-10674,SO-43240,DN-3037,Zimbabwe,PMO - US,From RDC,N/A - From RDC,Truck,9/18/12,N/A - From RDC,30-Mar-13,23-Mar-13,23-Mar-13,ARV,Adult,SCMS from RDC,"Abacavir/Lamivudine 600/300mg, scored tablets, 30 Tabs",Abacavir/Lamivudine,Generic,600/300mg,Tablet - FDC,30,270,3769.2,13.96,0.47,Mylan (formerly Matrix) Nashik,Yes,18,1100,5.28
76197,105-SS-T30,FPQ-12623,SCMS-200921,ASN-22955,South Sudan,PMO - US,Direct Drop,EXW,Air,7/18/13,8/6/13,11-Feb-14,11-Feb-14,11-Feb-14,HRDT,HIV test,"Trinity Biotech, Plc","HIV 1/2, Uni-Gold HIV Kit, 20 Tests","HIV 1/2, Uni-Gold HIV Kit",Uni-Gold,,Test kit,20,450,14400.0,32.0,1.6,"Trinity Biotech, Plc",No,See ASN-22955 (ID#:19019),See ASN-22955 (ID#:19019),17.81
10648,104-CI-T01,Pre-PQ Process,SO-1361,DN-503,Côte d'Ivoire,PMO - US,From RDC,N/A - From RDC,Air,Pre-PQ Process,N/A - From RDC,14-Dec-07,14-Dec-07,14-Dec-07,ARV,Adult,SCMS from RDC,"Abacavir/Lamivudine/Zidovudine 300/150/300mg [Trizivir], tablets, 60 Tabs",Abacavir/Lamivudine/Zidovudine,Trizivir,300/150/300mg,Tablet - FDC,60,1847,129290.0,70.0,1.17,GSK Ware (UK),Yes,271,1700,206.86
85163,113-ZW-T30,FPQ-4694,SO-35370,DN-2041,Zimbabwe,PMO - US,From RDC,N/A - From RDC,Truck,12/8/09,N/A - From RDC,30-Nov-10,25-Nov-10,25-Nov-10,ARV,Adult,SCMS from RDC,"Lamivudine/Nevirapine/Stavudine 150/200/30mg, tablets, 60 Tabs",Lamivudine/Nevirapine/Stavudine,Generic,150/200/30mg,Tablet - FDC,60,112100,608703.0,5.43,0.09,"Cipla, Goa, India",No,See DN-2041 (ID#:83461),See DN-2041 (ID#:83461),1312.36
12174,112-NG-T01,Pre-PQ Process,SO-11220,DN-833,Nigeria,PMO - US,From RDC,N/A - From RDC,Air,Pre-PQ Process,N/A - From RDC,16-Jul-08,16-Jul-08,16-Jul-08,ARV,Adult,SCMS from RDC,"Lamivudine 150mg, tablets, 60 Tabs",Lamivudine,Generic,150mg,Tablet,60,957,2775.3,2.9,0.05,"Aurobindo Unit III, India",No,See DN-833 (ID#:11243),See DN-833 (ID#:11243),4.44
10787,109-TZ-T01,Pre-PQ Process,SO-31280,DN-1368,Tanzania,PMO - US,From RDC,N/A - From RDC,Truck,Date Not Captured,N/A - From RDC,20-Aug-09,20-Aug-09,20-Aug-09,ARV,Adult,SCMS from RDC,"Abacavir 300mg, tablets, 60 Tabs",Abacavir,Generic,300mg,Tablet,60,4794,122007.3,25.45,0.42,Mylan (formerly Matrix) Nashik,Yes,475,3588.34,239.13
47,110-ZM-T01,Pre-PQ Process,SCMS-165,ASN-199,Zambia,PMO - US,Direct Drop,CIP,Air,Pre-PQ Process,11/13/06,30-Jan-07,30-Jan-07,30-Jan-07,ARV,Adult,ABBVIE LOGISTICS (FORMERLY ABBOTT LOGISTICS BV),"Lopinavir/Ritonavir 200/50mg [Aluvia], tablets, 120 Tabs",Lopinavir/Ritonavir,Aluvia,200/50mg,Tablet,120,2800,115080.0,41.1,0.34,ABBVIE (Abbott) St. P'burg USA,Yes,643,Freight Included in Commodity Cost,
32279,116-ZA-T30,FPQ-3560,SCMS-49641,ASN-5157,South Africa,PMO - US,Direct Drop,DDP,Truck,5/7/09,7/21/09,12-Aug-09,12-Aug-09,12-Aug-09,ARV,Adult,S. BUYS WHOLESALER,"Didanosine EC 400mg [Videx EC], delayed-release capsules, Blister 3 x 10 Caps",Didanosine EC,Videx EC,400mg,Delayed-release capsules - blister,30,110,3051.72,27.74,0.92,"BMS Meymac, France",No,Weight Captured Separately,Freight Included in Commodity Cost,5.98
51578,116-ZA-T30,FPQ-12522,SCMS-199283,ASN-27976,South Africa,PMO - US,Direct Drop,DDP,Truck,7/11/13,8/27/14,27-Aug-14,27-Aug-14,27-Aug-14,ARV,Adult,S. BUYS WHOLESALER,"Didanosine 250mg, delayed-release capsules, 30 Caps",Didanosine,Generic,250mg,Delayed-release capsules,30,8,136.19,17.02,0.57,"Aurobindo Unit III, India",No,Weight Captured Separately,Freight Included in Commodity Cost,0.17
45278,116-ZA-T30,FPQ-12522,SCMS-199283,ASN-27980,South Africa,PMO - US,Direct Drop,DDP,Truck,7/11/13,8/27/14,27-Aug-14,27-Aug-14,27-Aug-14,ARV,Adult,S. BUYS WHOLESALER,"Lopinavir/Ritonavir 200/50mg [Aluvia], tablets, 120 Tabs",Lopinavir/Ritonavir,Aluvia,200/50mg,Tablet,120,23,592.47,25.76,0.21,ABBVIE Ludwigshafen Germany,No,Weight Captured Separately,Freight Included in Commodity Cost,0.73
86810,114-UG-T30,FPQ-15294,SO-50054,DN-4265,Uganda,PMO - US,From RDC,N/A - From RDC,Truck,11/3/14,N/A - From RDC,15-Jun-15,4-Jun-15,15-Jun-15,ARV,Pediatric,SCMS from RDC,"Efavirenz 200mg, scored tablets, 90 Tabs",Efavirenz,Generic,200mg,Tablet,90,6312,34716.0,5.5,0.06,"Strides, Bangalore, India.",No,See DN-4265 (ID#:83335),See DN-4265 (ID#:83335),40.86
11558,109-TZ-T01,Pre-PQ Process,SO-2721,DN-766,Tanzania,PMO - US,From RDC,N/A - From RDC,Air,Pre-PQ Process,N/A - From RDC,10-Jul-08,10-Jul-08,10-Jul-08,ARV,Adult,SCMS from RDC,"Lamivudine 150mg, tablets, 60 Tabs",Lamivudine,Generic,150mg,Tablet,60,11352,33034.32,2.91,0.05,"Aurobindo Unit III, India",Yes,572,4152.56,52.85
84451,107-RW-T30,FPQ-15632,SO-50730,DN-4141,Rwanda,PMO - US,From RDC,N/A - From RDC,Air,12/23/14,N/A - From RDC,10-Mar-15,27-Mar-15,30-Mar-15,ARV,Pediatric,SCMS from RDC,"Lamivudine/Nevirapine/Zidovudine 30/50/60mg, dispersible tablets, 60 Tabs",Lamivudine/Nevirapine/Zidovudine,Generic,30/50/60mg,Chewable/dispersible tablet - FDC,60,10000,36000.0,3.6,0.06,Mylan (formerly Matrix) Nashik,Yes,558,3989.81,42.37
84574,151-NG-T30,FPQ-5023,SO-36446,DN-1904,Nigeria,PMO - US,From RDC,N/A - From RDC,Air,2/10/10,N/A - From RDC,15-Jul-10,28-Jun-10,28-Jun-10,ARV,Adult,SCMS from RDC,"Efavirenz 600mg, tablets, 30 Tabs",Efavirenz,Generic,600mg,Tablet,30,200,920.0,4.6,0.15,"Aurobindo Unit III, India",Yes,17,Freight Included in Commodity Cost,1.98
83882,110-ZM-T30,FPQ-14784,SO-49630,DN-4111,Zambia,PMO - US,From RDC,N/A - From RDC,Truck,8/12/14,N/A - From RDC,31-Mar-15,19-Feb-15,20-Feb-15,ARV,Adult,SCMS from RDC,"Efavirenz 600mg, tablets, 30 Tabs",Efavirenz,Generic,600mg,Tablet,30,41416,132945.36,3.21,0.11,"Strides, Bangalore, India.",Yes,7521,8265.26,136.67
65274,901-CM-T30,FPQ-12837,SCMS-204300,ASN-21710,Cameroon,PMO - US,Direct Drop,EXW,Air,8/19/13,8/23/13,18-Oct-13,18-Oct-13,18-Oct-13,ARV,Adult,Aurobindo Pharma Limited,"Lamivudine/Nevirapine/Zidovudine 150/200/300mg, tablets, 60 Tabs",Lamivudine/Nevirapine/Zidovudine,Generic,150/300/200mg,Tablet - FDC,60,32190,261704.7,8.13,0.14,"Aurobindo Unit III, India",Yes,4093,34441.93,323.73
84062,110-ZM-T30,FPQ-6221,SO-38110,DN-2118,Zambia,PMO - US,From RDC,N/A - From RDC,Truck,8/20/10,N/A - From RDC,10-Mar-11,25-Feb-11,25-Feb-11,ARV,Adult,SCMS from RDC,"Emtricitabine/Tenofovir Disoproxil Fumarate 200/300mg, tablets, 30 Tabs",Emtricitabine/Tenofovir Disoproxil Fumarate,Generic,200/300mg,Tablet - FDC,30,129998,1419578.16,10.92,0.36,Mylan (formerly Matrix) Nashik,Yes,11115,16482.05,3060.61
27300,107-RW-T30,FPQ-6341,SCMS-84991,ASN-10790,Rwanda,PMO - US,Direct Drop,EXW,Air,9/3/10,9/28/10,17-Jun-11,17-Jun-11,17-Jun-11,ARV,Adult,HETERO LABS LIMITED,"Efavirenz 600mg, tablets, 30 Tabs",Efavirenz,Generic,600mg,Tablet,30,43657,180303.41,4.13,0.14,Hetero Unit III Hyderabad IN,Yes,3720,35499.58,388.73
21897,117-ET-T30,FPQ-9096,SCMS-133340,ASN-15539,Ethiopia,PMO - US,Direct Drop,EXW,Air,1/5/12,1/23/12,21-Aug-12,21-Aug-12,21-Aug-12,HRDT,HIV test,"Trinity Biotech, Plc","HIV 1/2, Uni-Gold HIV Kit, 20 Tests","HIV 1/2, Uni-Gold HIV Kit",Uni-Gold,,Test kit,20,27,864.0,32.0,1.6,"Trinity Biotech, Plc",Yes,10,512.31,1.21
66438,106-HT-T30,FPQ-11286,SCMS-176320,ASN-18407,Haiti,PMO - US,Direct Drop,EXW,Air,1/16/13,2/5/13,11-Mar-13,11-Mar-13,11-Mar-13,ARV,Adult,Aurobindo Pharma Limited,"Didanosine 400mg, delayed-release capsules, 30 Caps",Didanosine,Generic,400mg,Delayed-release capsules,30,384,7680.0,20.0,0.67,"Aurobindo Unit III, India",Yes,30,1119.09,9.5
11102,100-CI-T01,Pre-PQ Process,SO-392,DN-53,Côte d'Ivoire,PMO - US,From RDC,N/A - From RDC,,Pre-PQ Process,N/A - From RDC,4-May-07,4-May-07,4-May-07,ARV,Adult,SCMS from RDC,"Efavirenz 600mg, tablets, 30 Tabs",Efavirenz,Generic,600mg,Tablet,30,10000,162500.0,16.25,0.54,"Aurobindo Unit III, India",Yes,901,3006,
20878,108-VN-T30,FPQ-6384,SCMS-87700,ASN-9709,Vietnam,PMO - US,Direct Drop,FCA,Air,9/30/10,10/14/10,24-Feb-11,24-Feb-11,24-Feb-11,ARV,Adult,ABBVIE LOGISTICS (FORMERLY ABBOTT LOGISTICS BV),"Ritonavir 100mg [Norvir], capsules, cool, 4 x 84 Caps",Ritonavir,Norvir,100mg,Capsule,336,12,2478.12,206.51,0.61,ABBVIE (Abbott) Logis. UK,Yes,51,4042.47,5.34
7093,102-BW-T01,Pre-PQ Process,SCMS-22710,ASN-1833,Botswana,PMO - US,Direct Drop,EXW,Air,Pre-PQ Process,4/28/08,3-Jul-08,3-Jul-08,3-Jul-08,HRDT,HIV test,"Trinity Biotech, Plc","HIV 1/2, Uni-Gold HIV Kit, 20 Tests","HIV 1/2, Uni-Gold HIV Kit",Uni-Gold,,Test kit,20,500,16000.0,32.0,1.6,"Trinity Biotech, Plc",Yes,500,2442.32,25.6
8460,108-VN-T01,Pre-PQ Process,SCMS-23340,ASN-2277,Vietnam,PMO - US,Direct Drop,EXW,Air,Pre-PQ Process,5/13/08,19-Sep-08,19-Sep-08,19-Sep-08,ARV,Adult,Aurobindo Pharma Limited,"Nevirapine 200mg, tablets, 60 Tabs",Nevirapine,Generic,200mg,Tablet,60,3840,12326.4,3.21,0.05,"Aurobindo Unit III, India",No,See ASN-2277 (ID#:5793),See ASN-2277 (ID#:5793),19.72
85967,114-UG-T30,FPQ-11133,SO-43881,DN-3156,Uganda,PMO - US,From RDC,N/A - From RDC,Truck,12/13/12,N/A - From RDC,31-May-13,30-May-13,30-May-13,ARV,Adult,SCMS from RDC,"Lamivudine/Tenofovir Disoproxil Fumarate 300/300mg, tablets, 30 Tabs",Lamivudine/Tenofovir Disoproxil Fumarate,Generic,300/300mg,Tablet - FDC,30,1380,6486.0,4.7,0.16,"Aurobindo Unit VII, IN",Yes,142,1034.64,8.02
73661,161-ZA-T30,FPQ-7175,SCMS-103400,ASN-12381,South Africa,PMO - US,Direct Drop,DDP,Ocean,3/10/11,3/24/11,22-Nov-11,22-Nov-11,22-Nov-11,ARV,Adult,Aurobindo Pharma Limited,"Zidovudine 300mg, tablets, 60 Tabs",Zidovudine,Generic,300mg,Tablet,60,90171,658248.3,7.3,0.12,"Aurobindo Unit III, India",Yes,4670,3341.45,1086.11
3,108-VN-T01,Pre-PQ Process,SCMS-13,ASN-85,Vietnam,PMO - US,Direct Drop,EXW,Air,Pre-PQ Process,Date Not Captured,14-Nov-06,14-Nov-06,14-Nov-06,ARV,Pediatric,Aurobindo Pharma Limited,"Nevirapine 10mg/ml, oral suspension, Bottle, 240 ml",Nevirapine,Generic,10mg/ml,Oral suspension,240,1000,6200.0,6.2,0.03,"Aurobindo Unit III, India",Yes,358,4521.5,
86070,105-GY-T30,FPQ-13567,SO-47730,DN-3626,Guyana,PMO - US,From RDC,N/A - From RDC,Air,1/16/14,N/A - From RDC,30-Jun-14,14-Apr-14,6-Jun-14,ARV,Adult,SCMS from RDC,"Abacavir 300mg, tablets, 60 Tabs",Abacavir,Generic,300mg,Tablet,60,70,795.2,11.36,0.19,"Aurobindo Unit III, India",No,See DN-3626 (ID#:83781),See DN-3626 (ID#:83781),0.82
31203,108-VN-T30,FPQ-9001,SCMS-131700,ASN-14757,Vietnam,PMO - US,Direct Drop,EXW,Air,12/15/11,1/16/12,15-May-12,15-May-12,15-May-12,ARV,Pediatric,MYLAN LABORATORIES LTD (FORMERLY MATRIX LABORATORIES),"Lamivudine/Nevirapine/Zidovudine 30/50/60mg, dispersible tablets, 60 Tabs",Lamivudine/Nevirapine/Zidovudine,Generic,30/50/60mg,Chewable/dispersible tablet - FDC,60,13877,57589.55,4.15,0.07,Mylan (formerly Matrix) Nashik,No,See ASN-14757 (ID#:30618),See ASN-14757 (ID#:30618),80.74
53997,151-NG-T30,FPQ-9984,SCMS-150370,ASN-17272,Nigeria,PMO - US,Direct Drop,EXW,Air,6/11/12,6/26/12,12-Dec-12,12-Dec-12,12-Dec-12,ARV,Adult,MYLAN LABORATORIES LTD (FORMERLY MATRIX LABORATORIES),"Atazanavir/Ritonavir 300/100mg, tablets, 30 Tabs",Atazanavir/Ritonavir,Generic,300/100mg,Tablet,30,37927,853357.5,22.5,0.75,Mylan (formerly Matrix) Nashik,Yes,5059,25732.17,1196.41
84235,113-ZW-T30,FPQ-10632,SO-43212,DN-3048,Zimbabwe,PMO - US,From RDC,N/A - From RDC,Truck,9/11/12,N/A - From RDC,15-Apr-13,23-Mar-13,23-Mar-13,ARV,Adult,SCMS from RDC,"Lamivudine/Tenofovir Disoproxil Fumarate 300/300mg, tablets, 30 Tabs",Lamivudine/Tenofovir Disoproxil Fumarate,Generic,300/300mg,Tablet - FDC,30,49467,232494.9,4.7,0.16,Hetero Unit III Hyderabad IN,Yes,8615,49580.17,325.96
83118,110-ZM-T30,FPQ-10728,SO-43452,DN-3045,Zambia,PMO - US,From RDC,N/A - From RDC,Truck,10/5/12,N/A - From RDC,15-Mar-13,22-Mar-13,22-Mar-13,ARV,Adult,SCMS from RDC,"Efavirenz/Emtricitabine/Tenofovir Disoproxil Fumarate 600/200/300mg, tablets, 30 Tabs",Efavirenz/Emtricitabine/Tenofovir Disoproxil Fumarate,Generic,600/200/300mg,Tablet - FDC,30,100000,1369000.0,13.69,0.46,"Cipla, Goa, India",Yes,10442,11520.85,1919.34
82699,109-TZ-T30,FPQ-12587,SO-46001,DN-3811,Tanzania,PMO - US,From RDC,N/A - From RDC,Truck,7/4/13,N/A - From RDC,18-Sep-14,25-Sep-14,7-Nov-14,ARV,Adult,SCMS from RDC,"Emtricitabine/Tenofovir Disoproxil Fumarate 200/300mg, tablets, 30 Tabs",Emtricitabine/Tenofovir Disoproxil Fumarate,Generic,200/300mg,Tablet - FDC,30,22002,126291.48,5.74,0.19,"Aurobindo Unit III, India",Yes,2003,10010.15,156.22
40580,800-CM-T30,FPQ-12571,SCMS-198570,ASN-21309,Cameroon,PMO - US,Direct Drop,EXW,Air,7/2/13,7/22/13,27-Aug-13,27-Aug-13,27-Aug-13,HRDT,HIV test,"Orgenics, Ltd","HIV 1/2, Determine Complete HIV Kit, 100 Tests","HIV 1/2, Determine Complete HIV Kit",Determine,,Test kit,100,5000,400000.0,80.0,0.8,"Alere Medical Co., Ltd.",Yes,2268,37942.89,494.8
35700,161-ZA-T30,FPQ-5303,SCMS-68711,ASN-7430,South Africa,PMO - US,Direct Drop,DDP,Air,3/18/10,3/19/10,19-Jul-10,19-Jul-10,19-Jul-10,ARV,Adult,CIPLA LIMITED,"Tenofovir Disoproxil Fumarate 300mg, tablets, 30 Tabs",Tenofovir Disoproxil Fumarate,Generic,300mg,Tablet,30,1110,8680.2,7.82,0.26,"Cipla, Goa, India",Yes,76,916.22,18.71
25323,108-VN-T30,FPQ-16194,SCMS-285500,ASN-33269,Vietnam,PMO - US,Direct Drop,EXW,Air,4/14/15,5/13/15,3-Sep-15,3-Sep-15,3-Sep-15,ARV,Adult,HETERO LABS LIMITED,"Nevirapine 200mg, tablets, 60 Tabs",Nevirapine,Generic,200mg,Tablet,60,2500,5400.0,2.16,0.04,Hetero Unit III Hyderabad IN,Yes,Weight Captured Separately,Invoiced Separately,6.36
40373,109-TZ-T30,FPQ-6925,SCMS-97130,ASN-9833,Tanzania,PMO - US,Direct Drop,EXW,Air,12/27/10,2/2/11,29-Mar-11,29-Mar-11,29-Mar-11,HRDT,HIV test,"Trinity Biotech, Plc","HIV 1/2, Uni-Gold HIV Kit, 20 Tests","HIV 1/2, Uni-Gold HIV Kit",Uni-Gold,,Test kit,20,30,960.0,32.0,1.6,"Trinity Biotech, Plc",Yes,10,910.73,1.58
42000,101-KE-T30,FPQ-11883,SCMS-184980,ASN-20969,Kenya,PMO - US,Direct Drop,EXW,Air,3/25/13,6/10/13,24-Aug-13,24-Aug-13,24-Aug-13,HRDT,HIV test,"SHANGHAI KEHUA BIOENGINEERING CO.,LTD.  (KHB)","HIV 1/2, SKB Colloidal Gold, Diagnostic Kit Set, (includes lancet, transfer pipette & alcohol prep pad), 50 Tests","HIV 1/2, Colloidal Gold, Diagnostic Kit Set (includes lancet, transfer pipette & alcohol prep pad)",Colloidal Gold,,Test kit,1,20000,600000.0,30.0,30.0,"KHB Test Kit Facility, Shanghai China",Yes,18580,241407.27,742.2
42983,104-CI-T30,FPQ-9756,SCMS-147680,ASN-17003,Côte d'Ivoire,PMO - US,Direct Drop,EXW,Air,4/23/12,1/6/12,23-Nov-12,23-Nov-12,23-Nov-12,ARV,Adult,MYLAN LABORATORIES LTD (FORMERLY MATRIX LABORATORIES),"Atazanavir/Ritonavir 300/100mg, tablets, 30 Tabs",Atazanavir/Ritonavir,Generic,300/100mg,Tablet,30,939,21127.5,22.5,0.75,Mylan (formerly Matrix) Nashik,Yes,117,1766.57,29.62
39391,108-VN-T30,FPQ-15692,SCMS-274390,ASN-32267,Vietnam,PMO - US,Direct Drop,EXW,Air,1/28/15,2/17/15,10-Jul-15,7-Jul-15,7-Jul-15,ARV,Adult,HETERO LABS LIMITED,"Efavirenz/Lamivudine/Tenofovir Disoproxil Fumarate 600/300/300mg, tablets, 30 Tabs",Efavirenz/Lamivudine/Tenofovir Disoproxil Fumarate,Generic,600/300/300mg,Tablet - FDC,30,17760,177600.0,10.0,0.33,Hetero Unit III Hyderabad IN,Yes,2523,4784.19,209.04
28262,161-ZA-T30,FPQ-7175,SCMS-103840,ASN-10874,South Africa,PMO - US,Direct Drop,DDP,Ocean,3/10/11,3/28/11,14-Jul-11,14-Jul-11,14-Jul-11,ARV,Adult,CIPLA LIMITED,"Tenofovir Disoproxil Fumarate 300mg, tablets, 30 Tabs",Tenofovir Disoproxil Fumarate,Generic,300mg,Tablet,30,48000,310560.0,6.47,0.22,"Cipla, Goa, India",Yes,3247,7180.16,512.42
6438,116-ZA-T01,Pre-PQ Process,SCMS-47500,ASN-4332,South Africa,PMO - US,Direct Drop,DDP,Truck,Pre-PQ Process,4/2/09,15-May-09,23-Apr-09,23-Apr-09,ARV,Pediatric,S. BUYS WHOLESALER,"Stavudine 1mg/ml, powder for oral solution, 200 ml",Stavudine,Generic,1mg/ml,Oral solution,200,400,832.0,2.08,0.01,"Aurobindo Unit III, India",No,See ASN-4332 (ID#:1115),See ASN-4332 (ID#:1115),1.63
22301,108-VN-T30,FPQ-10287,SCMS-156280,ASN-17513,Vietnam,PMO - US,Direct Drop,EXW,Air,7/25/12,8/14/12,28-Dec-12,28-Dec-12,28-Dec-12,ARV,Adult,MYLAN LABORATORIES LTD (FORMERLY MATRIX LABORATORIES),"Efavirenz/Lamivudine/Tenofovir Disoproxil Fumarate 600/300/300mg, tablets, 30 Tabs",Efavirenz/Lamivudine/Tenofovir Disoproxil Fumarate,Generic,600/300/300mg,Tablet - FDC,30,23251,278779.49,11.99,0.4,Mylan (formerly Matrix) Nashik,Yes,2641,4503.42,390.85
57339,161-ZA-T30,FPQ-7175,SCMS-103680,ASN-13226,South Africa,PMO - US,Direct Drop,DDP,Ocean,3/10/11,3/23/11,1-Dec-11,9-Jan-12,9-Jan-12,ARV,Adult,EMCURE PHARMACEUTICALS LTD,"Efavirenz 600mg, tablets, 30 Tabs",Efavirenz,Generic,600mg,Tablet,30,105813,454995.9,4.3,0.14,"Emcure Plot No.P-2, I.T-B.T. Park, Phase II, MIDC, Hinjwadi, Pune, India",Yes,8351,7292.26,750.74
54243,901-NA-T30,FPQ-14728,SCMS-252620,ASN-27961,Namibia,PMO - US,Direct Drop,EXW,Air,7/30/14,8/19/14,29-Sep-14,29-Sep-14,30-Sep-14,ARV,Adult,MYLAN LABORATORIES LTD (FORMERLY MATRIX LABORATORIES),"Efavirenz/Emtricitabine/Tenofovir Disoproxil Fumarate 600/200/300mg, tablets, 30 Tabs",Efavirenz/Emtricitabine/Tenofovir Disoproxil Fumarate,Generic,600/200/300mg,Tablet - FDC,30,36000,378000.0,10.5,0.35,"Mylan,  H-12 & H-13, India",Yes,4171,20371.77,388.58
66449,108-VN-T30,FPQ-5094,SCMS-68780,ASN-7020,Vietnam,PMO - US,Direct Drop,FCA,Air,3/15/10,3/31/10,22-Jun-10,22-Jun-10,22-Jun-10,ARV,Adult,ABBVIE LOGISTICS (FORMERLY ABBOTT LOGISTICS BV),"Lopinavir/Ritonavir 200/50mg [Aluvia], tablets, 120 Tabs",Lopinavir/Ritonavir,Aluvia,200/50mg,Tablet,120,8225,676095.0,82.2,0.68,ABBVIE Ludwigshafen Germany,Yes,2018,10263.55,1457.66
39452,116-ZA-T30,FPQ-15950,SCMS-277983,ASN-33453,South Africa,PMO - US,Direct Drop,DDP,Truck,2/20/15,2/24/15,23-Jul-15,23-Jul-15,23-Jul-15,ARV,Pediatric,PHARMACY DIRECT,"Ritonavir 80mg/ml [Norvir], oral solution, cool, Bottle, 90 ml",Ritonavir,Norvir,80mg/ml,Oral solution,90,12,59.62,4.97,0.06,ABBVIE (Abbott) France,Yes,Weight Captured Separately,Freight Included in Commodity Cost,0.07
44808,109-TZ-T30,FPQ-9622,SCMS-143750,ASN-15399,Tanzania,PMO - US,Direct Drop,EXW,Air,4/3/12,4/23/12,25-Jul-12,25-Jul-12,25-Jul-12,HRDT,HIV test,"Orgenics, Ltd","HIV 1/2, Determine Complete HIV Kit, 100 Tests","HIV 1/2, Determine Complete HIV Kit",Determine,,Test kit,100,1387,110960.0,80.0,0.8,"Alere Medical Co., Ltd.",Yes,662,12035.47,155.57
7968,110-ZM-T01,Pre-PQ Process,SCMS-139,ASN-130,Zambia,PMO - US,Direct Drop,DDU,Air,Pre-PQ Process,Date Not Captured,8-Jan-07,8-Jan-07,8-Jan-07,ARV,Adult,MERCK SHARP & DOHME IDEA GMBH (FORMALLY MERCK SHARP & DOHME B.V.),"Indinavir 400mg [Crixivan], capsules, 180 Caps",Indinavir,Crixivan,400mg,Capsule,180,1307,64461.24,49.32,0.27,MSD Elkton USA,No,Weight Captured Separately,Freight Included in Commodity Cost,
76263,116-ZA-T30,FPQ-12522,SCMS-199289,ASN-28034,South Africa,PMO - US,Direct Drop,DDP,Truck,7/11/13,8/29/14,29-Aug-14,29-Aug-14,29-Aug-14,ARV,Pediatric,S. BUYS WHOLESALER,"Lopinavir/Ritonavir 100/25mg [Aluvia], tablets, 60 Tabs",Lopinavir/Ritonavir,Generic,100/25mg,Tablet,60,3,19.32,6.44,0.11,ABBVIE Ludwigshafen Germany,No,Weight Captured Separately,Freight Included in Commodity Cost,0.02
46209,107-RW-T30,FPQ-4032,SCMS-51680,ASN-4976,Rwanda,PMO - US,Direct Drop,EXW,Air,8/5/09,8/18/09,27-Oct-09,27-Oct-09,27-Oct-09,HRDT,HIV test,"Orgenics, Ltd","HIV 1/2, Determine HIV Kit, without Lancets, 100 Tests","HIV 1/2, Determine HIV Kit, without Lancets",Determine,,Test kit,100,5084,355880.0,70.0,0.7,Inverness Japan,Yes,1153,46638.41,697.52
86068,100-ZM-T30,FPQ-12497,SO-45920,DN-3615,Zambia,PMO - US,From RDC,N/A - From RDC,Air,6/20/13,N/A - From RDC,19-May-14,19-May-14,4-Jun-14,ARV,Adult,SCMS from RDC,"Abacavir 300mg, tablets, 60 Tabs",Abacavir,Generic,300mg,Tablet,60,11209,145268.64,12.96,0.22,Mylan (formerly Matrix) Nashik,Yes,1143,1876.35,179.7
82960,111-MZ-T30,FPQ-7053,SO-40060,DN-2268,Mozambique,PMO - US,From RDC,N/A - From RDC,Truck,1/24/11,N/A - From RDC,31-Aug-11,1-Sep-11,1-Sep-11,ARV,Adult,SCMS from RDC,"Lamivudine/Nevirapine/Zidovudine 150/200/300mg, tablets, 60 Tabs",Lamivudine/Nevirapine/Zidovudine,Generic,150/300/200mg,Tablet - FDC,60,125202,1404766.44,11.22,0.19,Mylan (formerly Matrix) Nashik,Yes,34813,14716.83,2317.86
77926,116-ZA-T30,FPQ-13214,SCMS-215410,ASN-23875,South Africa,PMO - US,Direct Drop,DDP,Truck,11/14/13,12/2/13,13-Jan-14,13-Jan-14,13-Jan-14,ARV,Pediatric,S. BUYS WHOLESALER,"Efavirenz 50mg, capsule, 30 Caps",Efavirenz,Generic,50mg,Capsule,30,28,78.79,2.81,0.09,"Aurobindo Unit III, India",No,Weight Captured Separately,Freight Included in Commodity Cost,0.08
84156,104-CI-T30,FPQ-8363,SO-40822,DN-2601,Côte d'Ivoire,PMO - US,From RDC,N/A - From RDC,Truck,8/29/11,N/A - From RDC,19-Apr-12,19-Apr-12,19-Apr-12,ARV,Adult,SCMS from RDC,"Lamivudine/Nevirapine/Zidovudine 150/200/300mg, tablets, 60 Tabs",Lamivudine/Nevirapine/Zidovudine,Generic,150/300/200mg,Tablet - FDC,60,75000,841500.0,11.22,0.19,Mylan (formerly Matrix) Nashik,Yes,10746,22878.26,1388.48
82537,114-UG-T30,FPQ-10556,SO-43160,DN-2952,Uganda,PMO - US,From RDC,N/A - From RDC,Air,8/30/12,N/A - From RDC,2-Feb-13,2-Feb-13,2-Feb-13,ARV,Adult,SCMS from RDC,"Lamivudine/Tenofovir Disoproxil Fumarate 300/300mg, tablets, 30 Tabs",Lamivudine/Tenofovir Disoproxil Fumarate,Generic,300/300mg,Tablet - FDC,30,5580,26839.8,4.81,0.16,"Cipla, Kurkumbh, India",Yes,1187,9609.69,37.63
37489,116-ZA-T30,FPQ-3560,SCMS-49640,ASN-5441,South Africa,PMO - US,Direct Drop,DDP,Truck,5/7/09,7/21/09,30-Sep-09,30-Sep-09,30-Sep-09,ARV,Adult,S. BUYS WHOLESALER,"Efavirenz 600mg, tablets, 30 Tabs",Efavirenz,Generic,600mg,Tablet,30,2285,40375.94,17.67,0.59,"Cipla, Goa, India",Yes,Weight Captured Separately,Freight Included in Commodity Cost,79.14
86419,109-TZ-T30,FPQ-8303,SO-40522,DN-2413,Tanzania,PMO - US,From RDC,N/A - From RDC,Truck,8/22/11,N/A - From RDC,29-Dec-11,15-Nov-11,15-Nov-11,ARV,Pediatric,SCMS from RDC,"Nevirapine 10mg/ml, oral suspension w/syringe, Bottle, 240 ml",Nevirapine,Generic,10mg/ml,Oral suspension,240,2374,4629.3,1.95,0.01,"Aurobindo Unit III, India",Yes,888,4417.96,7.64
10600,114-UG-T01,Pre-PQ Process,SO-1080,DN-362,Uganda,PMO - US,From RDC,N/A - From RDC,Air,Pre-PQ Process,N/A - From RDC,5-Nov-07,5-Nov-07,5-Nov-07,ARV,Adult,SCMS from RDC,"Lamivudine/Nevirapine/Stavudine 150/200/30mg, tablets, 60 Tabs",Lamivudine/Nevirapine/Stavudine,Generic,150/200/30mg,Tablet - FDC,60,1953,14452.2,7.4,0.12,"Cipla, Goa, India",Yes,283,1673,23.12
84512,114-UG-T30,FPQ-4454,SO-34280,DN-1540,Uganda,PMO - US,From RDC,N/A - From RDC,Air,9/25/09,N/A - From RDC,7-Dec-09,2-Dec-09,2-Dec-09,ARV,Adult,SCMS from RDC,"Nevirapine 200mg, tablets, 60 Tabs",Nevirapine,Generic,200mg,Tablet,60,1300,3770.0,2.9,0.05,"Aurobindo Unit III, India",Yes,125,2697.65,7.39
35700,161-ZA-T30,FPQ-5303,SCMS-68711,ASN-7430,South Africa,PMO - US,Direct Drop,DDP,Air,3/18/10,3/19/10,19-Jul-10,19-Jul-10,19-Jul-10,ARV,Adult,CIPLA LIMITED,"Tenofovir Disoproxil Fumarate 300mg, tablets, 30 Tabs",Tenofovir Disoproxil Fumarate,Generic,300mg,Tablet,30,1110,8680.2,7.82,0.26,"Cipla, Goa, India",Yes,76,916.22,18.71
10942,104-CI-T01,Pre-PQ Process,SO-1663,DN-587,Côte d'Ivoire,PMO - US,From RDC,N/A - From RDC,Air,Pre-PQ Process,N/A - From RDC,6-Mar-08,5-Feb-08,5-Feb-08,ARV,Adult,SCMS from RDC,"Indinavir 400mg [Crixivan], capsules, 180 Caps",Indinavir,Crixivan,400mg,Capsule,180,5538,276900.0,50.0,0.28,"MSD, Haarlem, NL",Yes,1230,4680.1,443.04
11095,107-RW-T01,Pre-PQ Process,SO-239,DN-70,Rwanda,PMO - US,From RDC,N/A - From RDC,Air,Pre-PQ Process,N/A - From RDC,10-Apr-07,10-Apr-07,10-Apr-07,HRDT,HIV test,SCMS from RDC,"HIV 1/2, Capillus HIV Kit, 100 Tests","HIV 1/2, Capillus HIV Kit",Capillus,,Test kit,100,60,8340.0,139.0,1.39,"Trinity Biotech, Plc",Yes,353,3684.6,
26895,901-CM-T30,FPQ-12837,SCMS-204290,ASN-23339,Cameroon,PMO - US,Direct Drop,EXW,Air,8/19/13,8/23/13,8-Jan-14,8-Jan-14,10-Jan-14,ARV,Adult,Aurobindo Pharma Limited,"Efavirenz/Lamivudine/Tenofovir Disoproxil Fumarate 600/300/300mg, tablets, 30 Tabs",Efavirenz/Lamivudine/Tenofovir Disoproxil Fumarate,Generic,600/300/300mg,Tablet - FDC,30,1531,17070.65,11.15,0.37,"Aurobindo Unit VII, IN",Yes,Weight Captured Separately,Invoiced Separately,21.12
12625,102-NG-T01,Pre-PQ Process,SO-131,DN-1,Nigeria,PMO - US,From RDC,N/A - From RDC,,Pre-PQ Process,N/A - From RDC,20-Sep-06,13-Jul-06,13-Jul-06,HRDT,HIV test,SCMS from RDC,"HIV 1/2, Stat-Pak HIV, Kit, 20 Tests","HIV 1/2, Stat-Pak HIV, Kit",Stat-Pak,,Test kit,20,50000,67500.0,1.35,0.07,Chembio Diagnostics Sys. Inc.,Yes,712,Freight Included in Commodity Cost,
74993,116-ZA-T30,FPQ-14942,SCMS-259074,ASN-31069,South Africa,PMO - US,Direct Drop,DDP,Truck,9/11/14,3/9/15,9-Mar-15,9-Mar-15,9-Mar-15,ARV,Adult,PHARMACY DIRECT,"Etravirine 100mg [Intelence], tablets, 120 Tabs",Etravirine,Intelence,100mg,Tablet,120,41,1049.33,25.59,0.21,"Janssen-Cilag, Latina, IT",No,Weight Captured Separately,Freight Included in Commodity Cost,1.08
84739,151-NG-T30,FPQ-9432,SO-42932,DN-2793,Nigeria,PMO - US,From RDC,N/A - From RDC,Air Charter,3/1/12,N/A - From RDC,20-Aug-12,14-Aug-12,14-Aug-12,ARV,Adult,SCMS from RDC,"Emtricitabine/Tenofovir Disoproxil Fumarate 200/300mg, tablets, 30 Tabs",Emtricitabine/Tenofovir Disoproxil Fumarate,Generic,200/300mg,Tablet - FDC,30,41665,296238.15,7.11,0.24,"Aurobindo Unit III, India",Yes,5110,18461.22,415.33
6418,116-ZA-T01,Pre-PQ Process,SCMS-41587,ASN-4602,South Africa,PMO - US,Direct Drop,DDP,Air,Pre-PQ Process,3/27/09,25-Jun-09,16-Apr-09,16-Apr-09,ARV,Adult,S. BUYS WHOLESALER,"Efavirenz 600mg, tablets, 30 Tabs",Efavirenz,Generic,600mg,Tablet,30,6500,82030.0,12.62,0.42,"Aurobindo Unit III, India",Yes,Weight Captured Separately,Freight Included in Commodity Cost,160.78
35896,108-VN-T30,FPQ-12051,SCMS-188670,ASN-23622,Vietnam,PMO - US,Direct Drop,EXW,Air,5/3/13,5/17/13,22-Jan-14,22-Jan-14,22-Jan-14,ARV,Adult,Aurobindo Pharma Limited,"Lamivudine/Nevirapine/Zidovudine 150/200/300mg, tablets, 60 Tabs",Lamivudine/Nevirapine/Zidovudine,Generic,150/300/200mg,Tablet - FDC,60,26598,216773.7,8.15,0.14,"Aurobindo Unit III, India",Yes,3301,5764.28,268.15
47406,110-ZM-T30,FPQ-11390,SCMS-173920,ASN-19078,Zambia,PMO - US,Direct Drop,EXW,Air,1/8/13,1/23/13,5-Jun-13,5-Jun-13,5-Jun-13,HRDT,HIV test,"Orgenics, Ltd","HIV 1/2, Determine Complete HIV Kit, 100 Tests","HIV 1/2, Determine Complete HIV Kit",Determine,,Test kit,100,2607,208560.0,80.0,0.8,"Alere Medical Co., Ltd.",Yes,1080,19598.71,257.99
84282,104-CI-T30,FPQ-10633,SO-43371,DN-3294,Côte d'Ivoire,PMO - US,From RDC,N/A - From RDC,Truck,9/11/12,N/A - From RDC,30-Sep-13,28-Aug-13,28-Aug-13,ARV,Pediatric,SCMS from RDC,"Lamivudine/Nevirapine/Zidovudine 30/50/60mg, dispersible tablets, 60 Tabs",Lamivudine/Nevirapine/Zidovudine,Generic,30/50/60mg,Chewable/dispersible tablet - FDC,60,7600,29564.0,3.89,0.06,Mylan (formerly Matrix) Nashik,Yes,415,2751.09,41.45
53254,116-ZA-T30,FPQ-12522,SCMS-199289,ASN-28033,South Africa,PMO - US,Direct Drop,DDP,Truck,7/11/13,8/29/14,29-Aug-14,29-Aug-14,29-Aug-14,ARV,Pediatric,S. BUYS WHOLESALER,"Abacavir 20mg/ml, oral solution w/syringe, Bottle, 240 ml",Abacavir,Generic,20mg/ml,Oral solution,240,135,3650.16,27.04,0.11,"Aurobindo Unit III, India",No,Weight Captured Separately,Freight Included in Commodity Cost,4.52
85125,151-NG-T30,FPQ-5023,SO-36461,DN-1894,Nigeria,PMO - US,From RDC,N/A - From RDC,Air,2/10/10,N/A - From RDC,15-Jul-10,28-Jun-10,28-Jun-10,ARV,Adult,SCMS from RDC,"Nevirapine 200mg, tablets, 60 Tabs",Nevirapine,Generic,200mg,Tablet,60,20000,54600.0,2.73,0.05,"Strides, Bangalore, India.",Yes,1370,Freight Included in Commodity Cost,117.72
40365,106-HT-T30,FPQ-15038,SCMS-262840,ASN-31821,Haiti,PMO - US,Direct Drop,EXW,Ocean,10/22/14,12/24/14,3-Jul-15,3-Jul-15,13-Jul-15,ARV,Pediatric,MYLAN LABORATORIES LTD (FORMERLY MATRIX LABORATORIES),"Lamivudine/Zidovudine 30/60mg, tablets, 60 Tabs",Lamivudine/Zidovudine,Generic,30/60mg,Tablet - FDC,60,6000,11940.0,1.99,0.03,Mylan (formerly Matrix) Nashik,Yes,Weight Captured Separately,Invoiced Separately,12.27
33097,116-ZA-T30,FPQ-11828,SCMS-183950,ASN-19166,South Africa,South Africa Field Office,Direct Drop,DDP,Truck,3/18/13,Date Not Captured,16-Apr-13,16-Apr-13,16-Apr-13,ARV,Pediatric,S. BUYS WHOLESALER,"Nevirapine 10mg/ml [Viramune], oral suspension, Bottle, 240 ml",Nevirapine,Viramune,10mg/ml,Oral suspension,240,212,2720.61,12.83,0.05,Boehringer Ingelheim Roxane US,No,Weight Captured Separately,Freight Included in Commodity Cost,3.37
51467,116-ZA-T30,FPQ-12522,SCMS-199289,ASN-28034,South Africa,PMO - US,Direct Drop,DDP,Truck,7/11/13,8/29/14,29-Aug-14,29-Aug-14,29-Aug-14,ARV,Adult,S. BUYS WHOLESALER,"Zidovudine 300mg, tablets, 60 Tabs",Zidovudine,Generic,300mg,Tablet,60,18,488.0,27.11,0.45,Mylan (formerly Matrix) Nashik,No,Weight Captured Separately,Freight Included in Commodity Cost,0.6
84974,101-CD-T30,FPQ-14252,SO-48853,DN-3909,"Congo, DRC",PMO - US,From RDC,N/A - From RDC,Air,5/7/14,N/A - From RDC,27-Nov-14,27-Nov-14,23-Dec-14,ARV,Adult,SCMS from RDC,"Zidovudine 300mg, tablets, 60 Tabs",Zidovudine,Generic,300mg,Tablet,60,2651,14421.44,5.44,0.09,"Aurobindo Unit III, India",Yes,155,3028.36,14.83
15946,117-ET-T30,FPQ-5582,SCMS-72390,ASN-9567,Ethiopia,PMO - US,Direct Drop,EXW,Air,4/28/10,4/29/10,14-Feb-11,14-Feb-11,14-Feb-11,ARV,Adult,Aurobindo Pharma Limited,"Didanosine 250mg, delayed-release capsules, 30 Caps",Didanosine,Generic,250mg,Delayed-release capsules,30,2600,33800.0,13.0,0.43,"Aurobindo Unit III, India",Yes,236,1131.48,72.87
62948,108-VN-T30,FPQ-15692,SCMS-274350,ASN-32777,Vietnam,PMO - US,Direct Drop,EXW,Air,1/28/15,2/17/15,27-Jul-15,27-Jul-15,27-Jul-15,ARV,Adult,MYLAN LABORATORIES LTD (FORMERLY MATRIX LABORATORIES),"Lamivudine/Nevirapine/Zidovudine 150/200/300mg, tablets, 60 Tabs",Lamivudine/Nevirapine/Zidovudine,Generic,150/300/200mg,Tablet - FDC,60,14663,118770.3,8.1,0.13,Mylan (formerly Matrix) Nashik,Yes,Weight Captured Separately,Invoiced Separately,139.79
82731,109-TZ-T30,FPQ-13042,SO-46690,DN-3929,Tanzania,PMO - US,From RDC,N/A - From RDC,Truck,10/1/13,N/A - From RDC,30-Oct-14,17-Oct-14,7-Nov-14,ARV,Pediatric,SCMS from RDC,"Lamivudine/Zidovudine 30/60mg, dispersible tablets, 60 Tabs",Lamivudine/Zidovudine,Generic,30/60mg,Chewable/dispersible tablet - FDC,60,17980,38657.0,2.15,0.04,"Cipla, Goa, India",Yes,2152,837.59,47.82
12509,106-HT-T01,Pre-PQ Process,SO-2348,DN-745,Haiti,PMO - US,From RDC,N/A - From RDC,Air,Pre-PQ Process,N/A - From RDC,2-Jun-08,2-Jun-08,2-Jun-08,ARV,Adult,SCMS from RDC,"Zidovudine 300mg, tablets, 60 Tabs",Zidovudine,Generic,300mg,Tablet,60,1925,15688.75,8.15,0.14,"Aurobindo Unit III, India",Yes,111,1355.06,25.1
34360,104-CI-T30,FPQ-6897,SCMS-101010,ASN-10906,Côte d'Ivoire,PMO - US,Direct Drop,EXW,Air,1/5/11,3/11/11,15-Jun-11,15-Jun-11,15-Jun-11,ARV,Adult,MYLAN LABORATORIES LTD (FORMERLY MATRIX LABORATORIES),"Abacavir/Lamivudine/Zidovudine 300/150/300mg, tablets, 60 Tabs",Abacavir/Lamivudine/Zidovudine,Generic,300/150/300mg,Tablet - FDC,60,2432,72960.0,30.0,0.5,Mylan (formerly Matrix) Nashik,Yes,403,5714.74,120.38
12295,151-NG-T01,Pre-PQ Process,SO-30022,DN-1290,Nigeria,PMO - US,From RDC,N/A - From RDC,Air Charter,Pre-PQ Process,N/A - From RDC,16-Jun-09,16-Jun-09,16-Jun-09,ARV,Adult,SCMS from RDC,"Emtricitabine/Tenofovir Disoproxil Fumarate 200/300mg [Truvada], tablets, 30 Tabs",Emtricitabine/Tenofovir Disoproxil Fumarate,Truvada,300/200mg,Tablet - FDC,30,24269,637061.25,26.25,0.88,"Aspen-OSD, Port Elizabeth, SA",Yes,2094,7329.83,1248.64
85343,114-UG-T30,FPQ-11133,SO-43871,DN-3065,Uganda,PMO - US,From RDC,N/A - From RDC,Truck,12/13/12,N/A - From RDC,28-Jun-13,20-Mar-13,20-Mar-13,ARV,Pediatric,SCMS from RDC,"Lamivudine/Zidovudine 30/60mg, tablets, 60 Tabs",Lamivudine/Zidovudine,Generic,30/60mg,Tablet - FDC,60,2125,4802.5,2.26,0.04,Mylan (formerly Matrix) Nashik,No,See DN-3065 (ID#:83123),See DN-3065 (ID#:83123),5.94
5507,116-ZA-T01,Pre-PQ Process,SCMS-14050,ASN-1251,South Africa,PMO - US,Direct Drop,DDP,,Pre-PQ Process,11/12/07,29-Jan-08,29-Jan-08,29-Jan-08,ARV,Adult,"JSI R&T INSTITUTE, INC.","Efavirenz 600mg [Stocrin/Sustiva], tablets, 30 Tabs",Efavirenz,Stocrin/Sustiva,600mg,Tablet,30,600,12996.0,21.66,0.72,"MSD Midrand, J'burg, SA",No,Weight Captured Separately,Freight Included in Commodity Cost,20.79
70577,108-VN-T30,FPQ-6384,SCMS-87740,ASN-9153,Vietnam,PMO - US,Direct Drop,EXW,Air,9/30/10,10/15/10,23-Dec-10,23-Dec-10,23-Dec-10,ARV,Adult,STRIDES ARCOLAB LIMITED,"Lamivudine 150mg, tablets, 60 Tabs",Lamivudine,Generic,150mg,Tablet,60,29847,70140.45,2.35,0.04,"Strides, Bangalore, India.",Yes,1403,6475.64,151.22
83440,151-NG-T30,FPQ-5023,SO-36520,DN-1921,Nigeria,PMO - US,From RDC,N/A - From RDC,Air,2/10/10,N/A - From RDC,15-Jul-10,28-Jun-10,28-Jun-10,ARV,Pediatric,SCMS from RDC,"Efavirenz 200mg, capsule, 90 Caps",Efavirenz,Generic,200mg,Capsule,90,1000,9710.0,9.71,0.11,"Aurobindo Unit III, India",Yes,120,Freight Included in Commodity Cost,20.93
31662,116-ZA-T30,FPQ-14942,SCMS-259072,ASN-30377,South Africa,PMO - US,Direct Drop,DDP,Truck,9/11/14,1/26/15,26-Jan-15,26-Jan-15,26-Jan-15,ARV,Pediatric,PHARMACY DIRECT,"Efavirenz 200mg, capsule, 90 Caps",Efavirenz,Generic,200mg,Capsule,90,21,357.92,17.04,0.19,"Aurobindo Unit III, India",No,Weight Captured Separately,Freight Included in Commodity Cost,0.37
42757,104-CI-T30,FPQ-4698,SCMS-62970,ASN-9989,Côte d'Ivoire,PMO - US,Direct Drop,FCA,Air,12/28/09,1/15/10,9-Mar-11,9-Mar-11,9-Mar-11,ARV,Adult,ABBVIE LOGISTICS (FORMERLY ABBOTT LOGISTICS BV),"Ritonavir 100mg [Norvir], film coated tablets, 60 Tabs",Ritonavir,Norvir,100mg,Tablet,60,4014,27495.9,6.85,0.11,ABBVIE Ludwigshafen Germany,Yes,507,4520.66,59.28
82418,110-ZM-T30,FPQ-7667,SO-40241,DN-2423,Zambia,PMO - US,From RDC,N/A - From RDC,Ocean,7/26/11,N/A - From RDC,10-Jan-12,28-Nov-11,28-Nov-11,ARV,Pediatric,SCMS from RDC,"Nevirapine 10mg/ml, oral suspension w/syringe, Bottle, 240 ml",Nevirapine,Generic,10mg/ml,Oral suspension,240,12861,25078.95,1.95,0.01,"Aurobindo Unit III, India",Yes,4836,4075.1,41.38
12573,126-NG-T01,Pre-PQ Process,SO-26250,DN-1212,Nigeria,PMO - US,From RDC,N/A - From RDC,Air Charter,Pre-PQ Process,N/A - From RDC,8-May-09,8-May-09,8-May-09,ARV,Adult,SCMS from RDC,"Lamivudine/Tenofovir Disoproxil Fumarate 300/300mg, tablets, 30 Tabs",Lamivudine/Tenofovir Disoproxil Fumarate,Generic,300/300mg,Tablet - FDC,30,23991,275896.5,11.5,0.38,Mylan (formerly Matrix) Nashik,Yes,2096,15128.37,540.76
12122,104-CI-T01,Pre-PQ Process,SO-1245,DN-423,Côte d'Ivoire,PMO - US,From RDC,N/A - From RDC,Air,Pre-PQ Process,N/A - From RDC,13-Nov-07,13-Nov-07,13-Nov-07,ARV,Adult,SCMS from RDC,"Ritonavir 100mg [Norvir], capsules, cool, 4 x 84 Caps",Ritonavir,Norvir,100mg,Capsule,336,1200,46032.0,38.36,0.11,ABBVIE (Abbott) France,No,See DN-423 (ID#:11194),See DN-423 (ID#:11194),73.65
82588,901-CM-T30,FPQ-12520,SO-45830,DN-3228,Cameroon,PMO - US,From RDC,N/A - From RDC,Air Charter,6/21/13,N/A - From RDC,22-Jul-13,14-Jul-13,14-Jul-13,ARV,Adult,SCMS from RDC,"Nevirapine 200mg, tablets, 60 Tabs",Nevirapine,Generic,200mg,Tablet,60,19683,44483.58,2.26,0.04,"Strides, Bangalore, India.",Yes,1733,20893.21,55.03
6627,108-VN-T01,Pre-PQ Process,SCMS-170,ASN-273,Vietnam,PMO - US,Direct Drop,EXW,Air,Pre-PQ Process,11/15/06,14-Mar-07,14-Mar-07,14-Mar-07,ARV,Adult,STRIDES ARCOLAB LIMITED,"Nevirapine 200mg, tablets, 60 Tabs",Nevirapine,Generic,200mg,Tablet,60,83000,282200.0,3.4,0.06,"Strides, Bangalore, India.",No,See ASN-273 (ID#:1283),See ASN-273 (ID#:1283),
10734,109-TZ-T01,Pre-PQ Process,SO-11821,DN-890,Tanzania,PMO - US,From RDC,N/A - From RDC,Air,Pre-PQ Process,N/A - From RDC,15-Sep-08,15-Sep-08,15-Sep-08,ARV,Adult,SCMS from RDC,"Efavirenz 600mg, tablets, 30 Tabs",Efavirenz,Generic,600mg,Tablet,30,5000,60050.0,12.01,0.4,Mylan (formerly Matrix) Nashik,Yes,379,1188.97,96.08
84511,104-CI-T30,FPQ-4378,SO-34411,DN-1545,Côte d'Ivoire,PMO - US,From RDC,N/A - From RDC,Air,10/15/09,N/A - From RDC,4-Dec-09,2-Dec-09,2-Dec-09,ARV,Pediatric,SCMS from RDC,"Zidovudine 100mg, capsules, 100 Caps",Zidovudine,Generic,100mg,Capsule,100,284,1420.0,5.0,0.05,"Aurobindo Unit III, India",Yes,22,1211.49,2.78
83705,114-UG-T30,FPQ-12253,SO-45470,DN-3256,Uganda,PMO - US,From RDC,N/A - From RDC,Air,5/8/13,N/A - From RDC,6-Aug-13,20-Aug-13,20-Aug-13,ARV,Adult,SCMS from RDC,"Lamivudine/Zidovudine 150/300mg, tablets, 60 Tabs",Lamivudine/Zidovudine,Generic,150/300mg,Tablet - FDC,60,7619,53333.0,7.0,0.12,Hetero Unit III Hyderabad IN,No,See DN-3256 (ID#:83149),See DN-3256 (ID#:83149),65.97
83855,101-CD-T30,FPQ-14576,SO-49290,DN-3975,"Congo, DRC",PMO - US,From RDC,N/A - From RDC,Air,7/14/14,N/A - From RDC,30-Jan-15,18-Feb-15,23-Feb-15,ARV,Adult,SCMS from RDC,"Efavirenz 600mg, tablets, 30 Tabs",Efavirenz,Generic,600mg,Tablet,30,2660,8352.4,3.14,0.1,"Micro labs, Verna, Goa, India",No,See DN-3975 (ID#:82748),See DN-3975 (ID#:82748),8.59
82892,117-ET-T30,FPQ-5581,SO-36690,DN-1857,Ethiopia,PMO - US,From RDC,N/A - From RDC,Air,4/28/10,N/A - From RDC,21-Jun-10,1-Jun-10,1-Jun-10,ARV,Adult,SCMS from RDC,"Lamivudine 150mg, tablets, 60 Tabs",Lamivudine,Generic,150mg,Tablet,60,69,168.36,2.44,0.04,"Aurobindo Unit III, India",Yes,77,961.46,0.36
45968,108-VN-T30,FPQ-4081,SCMS-51470,ASN-4801,Vietnam,PMO - US,Direct Drop,FCA,Air,8/10/09,8/12/09,29-Sep-09,29-Sep-09,29-Sep-09,ARV,Adult,ABBVIE LOGISTICS (FORMERLY ABBOTT LOGISTICS BV),"Lopinavir/Ritonavir 200/50mg [Aluvia], tablets, 120 Tabs",Lopinavir/Ritonavir,Aluvia,200/50mg,Tablet,120,320,26304.0,82.2,0.68,ABBVIE Ludwigshafen Germany,Yes,88,823.94,51.56
71320,106-HT-T30,FPQ-12682,SCMS-209710,ASN-27232,Haiti,PMO - US,Direct Drop,EXW,Air,8/23/13,10/8/13,25-Aug-14,25-Aug-14,28-Aug-14,ARV,Pediatric,CIPLA LIMITED,"Abacavir 60mg, dispersible tablets, 60 Tabs",Abacavir,Generic,60mg,Chewable/dispersible tablet,60,482,2410.0,5.0,0.08,"Cipla, Patalganga, India",Yes,50,1342.44,2.98
4192,107-RW-T01,Pre-PQ Process,SCMS-14140,ASN-1028,Rwanda,PMO - US,Direct Drop,EXW,Air,Pre-PQ Process,11/16/07,10-Jan-08,10-Jan-08,10-Jan-08,HRDT,HIV test,"Trinity Biotech, Plc","HIV 1/2, Uni-Gold HIV Kit, 20 Tests","HIV 1/2, Uni-Gold HIV Kit",Uni-Gold,,Test kit,20,2450,78400.0,32.0,1.6,"Trinity Biotech, Plc",No,See ASN-1028 (ID#:2927),See ASN-1028 (ID#:2927),125.44
83701,104-CI-T30,FPQ-11253,SO-44220,DN-3216,Côte d'Ivoire,PMO - US,From RDC,N/A - From RDC,Truck,12/14/12,N/A - From RDC,31-Jul-13,6-Aug-13,6-Aug-13,ARV,Adult,SCMS from RDC,"Lopinavir/Ritonavir 200/50mg, tablets, 120 Tabs",Lopinavir/Ritonavir,Generic,200/50mg,Tablet,120,20000,420000.0,21.0,0.18,"Aurobindo Unit III, India",Yes,5633,17548.42,519.54
17717,105-GY-T30,FPQ-15696,SCMS-276200,ASN-31730,Guyana,PMO - US,Direct Drop,EXW,Air,1/2/15,2/12/15,16-Jun-15,16-Jun-15,24-Jun-15,ARV,Adult,HETERO LABS LIMITED,"Emtricitabine/Tenofovir Disoproxil Fumarate 200/300mg, tablets, 30 Tabs",Emtricitabine/Tenofovir Disoproxil Fumarate,Generic,200/300mg,Tablet - FDC,30,3715,20766.85,5.59,0.19,Hetero Unit III Hyderabad IN,Yes,385,3248.6,24.44
52540,117-ET-T30,FPQ-6976,SCMS-98310,ASN-10666,Ethiopia,PMO - US,Direct Drop,EXW,Air,1/13/11,2/1/11,4-May-11,4-May-11,4-May-11,ARV,Adult,Aurobindo Pharma Limited,"Didanosine 250mg, delayed-release capsules, 30 Caps",Didanosine,Generic,250mg,Delayed-release capsules,30,1625,21125.0,13.0,0.43,"Aurobindo Unit III, India",Yes,111,1206.62,34.86
81888,133-NG-T30,FPQ-12812,SCMS-210351,ASN-23947,Nigeria,PMO - US,Direct Drop,EXW,Air,8/13/13,11/1/13,18-Feb-14,13-Feb-14,12-Mar-14,HRDT,HIV test,"Orgenics, Ltd","HIV 1/2, Determine Complete HIV Kit, 100 Tests","HIV 1/2, Determine Complete HIV Kit",Determine,,Test kit,100,9363,833307.0,89.0,0.89,"Alere Medical Co., Ltd.",Yes,3800,58592.54,1030.8
85737,109-TZ-T30,FPQ-5237,SO-37910,DN-2103,Tanzania,PMO - US,From RDC,N/A - From RDC,Truck,3/1/10,N/A - From RDC,28-Feb-11,28-Feb-11,28-Feb-11,ARV,Adult,SCMS from RDC,"Nevirapine 200mg, tablets, 60 Tabs",Nevirapine,Generic,200mg,Tablet,60,36576,94366.08,2.58,0.04,"Aurobindo Unit III, India",Yes,4145,1647,203.45
83452,104-CI-T30,FPQ-5201,SO-36311,DN-1982,Côte d'Ivoire,PMO - US,From RDC,N/A - From RDC,Air,3/3/10,N/A - From RDC,23-Aug-10,23-Aug-10,23-Aug-10,ARV,Pediatric,SCMS from RDC,"Lamivudine 10mg/ml, oral solution, Bottle, 240 ml",Lamivudine,Generic,10mg/ml,Oral solution,240,4340,8376.2,1.93,0.01,"Aurobindo Unit III, India",No,See DN-1982 (ID#:82910),See DN-1982 (ID#:82910),18.06
24591,108-VN-T30,FPQ-6818,SCMS-98060,ASN-10712,Vietnam,PMO - US,Direct Drop,FCA,Air,1/17/11,2/15/11,28-May-11,28-May-11,28-May-11,ARV,Adult,ABBVIE LOGISTICS (FORMERLY ABBOTT LOGISTICS BV),"Lopinavir/Ritonavir 200/50mg [Aluvia], tablets, 120 Tabs",Lopinavir/Ritonavir,Aluvia,200/50mg,Tablet,120,3010,247422.0,82.2,0.68,ABBVIE Ludwigshafen Germany,Yes,756,9193.82,408.25
22658,107-RW-T30,FPQ-8365,SCMS-126490,ASN-14125,Rwanda,PMO - US,Direct Drop,EXW,Air,10/26/11,11/9/11,30-Mar-12,30-Mar-12,30-Mar-12,ARV,Adult,Aurobindo Pharma Limited,"Didanosine 400mg, delayed-release capsules, 30 Caps",Didanosine,Generic,400mg,Delayed-release capsules,30,150,3000.0,20.0,0.67,"Aurobindo Unit III, India",Yes,197,5906.43,4.95
36277,106-HT-T30,FPQ-6086,SCMS-80640,ASN-8012,Haiti,PMO - US,Direct Drop,EXW,Air,7/19/10,7/30/10,1-Oct-10,1-Oct-10,1-Oct-10,HRDT,HIV test,Orasure Technologies Inc.,"HIV 1/2, OraQuick Advance HIV Rapid Antibody Kit, 100 Tests","HIV 1/2, OraQuick Advance HIV Rapid Antibody Kit",OraQuick,,Test kit,100,100,35000.0,350.0,3.5,"Orasure Technologies, Inc",Yes,240,4355.7,75.46
15499,109-TZ-T30,FPQ-10994,SCMS-169330,ASN-18422,Tanzania,PMO - US,Direct Drop,EXW,Air,11/13/12,12/12/12,30-Apr-13,30-Apr-13,30-Apr-13,HRDT,HIV test,"Trinity Biotech, Plc","HIV 1/2, Uni-Gold HIV Kit, 20 Tests","HIV 1/2, Uni-Gold HIV Kit",Uni-Gold,,Test kit,20,8460,270720.0,32.0,1.6,"Trinity Biotech, Plc",Yes,2753,25485.81,334.88
985,109-TZ-T01,Pre-PQ Process,SCMS-38370,ASN-3751,Tanzania,PMO - US,Direct Drop,FCA,Air,Pre-PQ Process,2/5/09,28-May-09,28-May-09,28-May-09,ARV,Pediatric,ABBVIE LOGISTICS (FORMERLY ABBOTT LOGISTICS BV),"Lopinavir/Ritonavir 80/20mg/ml [Kaletra], oral solution, cool, Bottle 5 x 60 ml",Lopinavir/Ritonavir,Kaletra,80/20mg/ml,Oral solution,300,524,21536.4,41.1,0.14,ABBVIE (Abbott) Logis. UK,Yes,644,6668.61,42.21
1048,106-HT-T01,Pre-PQ Process,SCMS-40030,ASN-3750,Haiti,PMO - US,Direct Drop,FCA,Air,Pre-PQ Process,3/6/09,15-Apr-09,15-Apr-09,15-Apr-09,ARV,Pediatric,ABBVIE LOGISTICS (FORMERLY ABBOTT LOGISTICS BV),"Lopinavir/Ritonavir 100/25mg [Aluvia], tablets, 60 Tabs",Lopinavir/Ritonavir,Generic,100/25mg,Tablet,60,46,472.88,10.28,0.17,ABBVIE Ludwigshafen Germany,Yes,10,893.22,0.93
37152,114-UG-T30,FPQ-4320,SCMS-58160,ASN-5935,Uganda,PMO - US,Direct Drop,EXW,Air,11/16/09,11/25/09,2-Feb-10,2-Feb-10,2-Feb-10,ARV,Pediatric,EMCURE PHARMACEUTICALS LTD,"Atazanavir 150mg, capsules, 60 Caps",Atazanavir,Generic,150mg,Capsule,60,240,6261.6,26.09,0.43,"Emcure Plot No.P-2, I.T-B.T. Park, Phase II, MIDC, Hinjwadi, Pune, India",Yes,25,915.09,12.27
51432,116-ZA-T30,FPQ-13973,SCMS-238552,ASN-27606,South Africa,PMO - US,Direct Drop,DDP,Truck,4/30/14,8/5/14,5-Aug-14,5-Aug-14,5-Aug-14,ARV,Adult,PHARMACY DIRECT,"Lamivudine 150mg, tablets, 60 Tabs",Lamivudine,Generic,150mg,Tablet,60,73,667.44,9.14,0.15,"Aurobindo Unit III, India",No,Weight Captured Separately,Freight Included in Commodity Cost,0.69
78103,103-ZW-T30,FPQ-13969,SCMS-239231,ASN-27940,Zimbabwe,PMO - US,Direct Drop,EXW,Ocean,4/8/14,6/20/14,3-Nov-14,3-Nov-14,3-Nov-14,ARV,Pediatric,MYLAN LABORATORIES LTD (FORMERLY MATRIX LABORATORIES),"Lamivudine/Nevirapine/Zidovudine 30/50/60mg, dispersible tablets, 60 Tabs",Lamivudine/Nevirapine/Zidovudine,Generic,30/50/60mg,Chewable/dispersible tablet - FDC,60,204713,736966.8,3.6,0.06,Mylan (formerly Matrix) Nashik,Yes,11430,22059.25,757.6
73986,133-NG-T30,FPQ-12456,SCMS-196561,ASN-22353,Nigeria,PMO - US,Direct Drop,EXW,Air,6/10/13,7/10/13,7-Nov-13,11-Nov-13,17-Nov-13,HRDT,HIV test,"Orgenics, Ltd","HIV 1/2, Determine Complete HIV Kit, 100 Tests","HIV 1/2, Determine Complete HIV Kit",Determine,,Test kit,100,3041,270649.0,89.0,0.89,"Alere Medical Co., Ltd.",Yes,1235,21084.84,334.79
3007,104-CI-T01,Pre-PQ Process,SCMS-16740,ASN-1492,Côte d'Ivoire,PMO - US,Direct Drop,CIP,Air,Pre-PQ Process,1/24/08,8-Apr-08,8-Apr-08,8-Apr-08,ARV,Pediatric,BRISTOL-MYERS SQUIBB,"Didanosine 25mg [Videx], chewable tablets, 60 Tabs",Didanosine,Videx,25mg,Chewable/dispersible tablet,60,546,3822.0,7.0,0.12,"BMS Meymac, France",Yes,108,Freight Included in Commodity Cost,6.12
86533,104-CI-T30,FPQ-9749,SO-42373,DN-2954,Côte d'Ivoire,PMO - US,From RDC,N/A - From RDC,Truck,4/19/12,N/A - From RDC,31-Dec-12,6-Dec-12,6-Dec-12,ARV,Adult,SCMS from RDC,"Efavirenz/Lamivudine/Tenofovir Disoproxil Fumarate 600/300/300mg, tablets, 30 Tabs",Efavirenz/Lamivudine/Tenofovir Disoproxil Fumarate,Generic,600/300/300mg,Tablet - FDC,30,25644,340295.88,13.27,0.44,Mylan (formerly Matrix) Nashik,No,See DN-2954 (ID#:82534),See DN-2954 (ID#:82534),477.09
27777,117-ET-T30,FPQ-9098,SCMS-133600,ASN-15705,Ethiopia,PMO - US,Direct Drop,EXW,Air,1/10/12,1/23/12,31-Jul-12,31-Jul-12,31-Jul-12,HRDT,HIV test,"SHANGHAI KEHUA BIOENGINEERING CO.,LTD.  (KHB)","HIV 1/2, SKB Colloidal Gold, Diagnostic Kit, Antibody, 50 Tests","HIV 1/2, Colloidal Gold, Diagnostic Kit, Antibody",Colloidal Gold,,Test kit,1,1362,33369.0,24.5,24.5,"KHB Test Kit Facility, Shanghai China",Yes,950,8859.91,46.78
85876,114-UG-T30,FPQ-9355,SO-41591,DN-2740,Uganda,PMO - US,From RDC,N/A - From RDC,Truck,2/20/12,N/A - From RDC,5-Sep-12,30-Jul-12,30-Jul-12,ARV,Adult,SCMS from RDC,"Lamivudine/Nevirapine/Zidovudine 150/200/300mg, tablets, 60 Tabs",Lamivudine/Nevirapine/Zidovudine,Generic,150/300/200mg,Tablet - FDC,60,4879,47862.99,9.81,0.16,Mylan (formerly Matrix) Nashik,Yes,637,5081.05,67.1
11075,110-ZM-T01,Pre-PQ Process,SO-29031,DN-1498,Zambia,PMO - US,From RDC,N/A - From RDC,Truck,Date Not Captured,N/A - From RDC,29-Oct-09,29-Oct-09,29-Oct-09,ARV,Adult,SCMS from RDC,"Efavirenz 600mg, tablets, 30 Tabs",Efavirenz,Generic,600mg,Tablet,30,34036,196728.08,5.78,0.19,"Aurobindo Unit III, India",Yes,2901,4897.42,424.15
71956,106-HT-T30,FPQ-15038,SCMS-262980,ASN-30463,Haiti,PMO - US,Direct Drop,EXW,Ocean,10/22/14,1/7/15,9-Apr-15,9-Apr-15,13-Apr-15,ARV,Adult,HETERO LABS LIMITED,"Lamivudine/Nevirapine/Zidovudine 150/200/300mg, tablets, 60 Tabs",Lamivudine/Nevirapine/Zidovudine,Generic,150/300/200mg,Tablet - FDC,60,36000,298440.0,8.29,0.14,Hetero Unit III Hyderabad IN,No,See ASN-30463 (ID#:15460),See ASN-30463 (ID#:15460),306.8
83866,104-CI-T30,FPQ-14370,SO-49052,DN-4064,Côte d'Ivoire,PMO - US,From RDC,N/A - From RDC,Truck,5/23/14,N/A - From RDC,16-Feb-15,19-Jan-15,27-Jan-15,ARV,Adult,SCMS from RDC,"Efavirenz 600mg, tablets, 30 Tabs",Efavirenz,Generic,600mg,Tablet,30,29996,93587.52,3.12,0.1,Hetero Unit III Hyderabad IN,No,See DN-4064 (ID#:82765),See DN-4064 (ID#:82765),96.21
2562,104-CI-T01,Pre-PQ Process,SCMS-45110,ASN-4046,Côte d'Ivoire,PMO - US,Direct Drop,EXW,Air,Pre-PQ Process,4/29/09,9-Jun-09,9-Jun-09,9-Jun-09,HRDT,HIV test,BIO-RAD LABORATORIES (FRANCE),"#108853** HIV, Genie II HIV-1/HIV-2 Kit, 40 Tests","HIV, Genie II HIV-1/HIV-2 Kit",Genie,,Test kit,40,140,15400.0,110.0,2.75,Bio-Rad Laboratories,Yes,158,4318.21,30.18
82554,106-HT-T30,FPQ-11281,SO-44400,DN-3015,Haiti,PMO - US,From RDC,N/A - From RDC,Air,1/16/13,N/A - From RDC,9-Apr-13,14-Mar-13,14-Mar-13,ARV,Adult,SCMS from RDC,"Efavirenz 600mg, tablets, 30 Tabs",Efavirenz,Generic,600mg,Tablet,30,39936,132986.88,3.33,0.11,"Strides, Bangalore, India.",Yes,16035,161712.87,164.5
35678,101-CD-T30,FPQ-8792,SCMS-131080,ASN-15396,"Congo, DRC",PMO - US,Direct Drop,EXW,Air,12/14/11,1/9/12,20-Nov-12,20-Nov-12,20-Nov-12,HRDT,HIV test,"Orgenics, Ltd","HIV 1/2, DoubleCheck Gold Kit, 20 Tests","HIV 1/2, DoubleCheck Gold Kit",DoubleCheck,,Test kit,20,196,7157.92,36.52,1.83,"Alere Medical Co., Ltd.",Yes,47,4449.1,10.04
10653,111-MZ-T01,Pre-PQ Process,SO-579,DN-600,Mozambique,PMO - US,From RDC,N/A - From RDC,Air,Pre-PQ Process,N/A - From RDC,18-Apr-08,18-Apr-08,18-Apr-08,ARV,Pediatric,SCMS from RDC,"Lamivudine 10mg/ml, oral solution, Bottle, 240 ml",Lamivudine,Generic,10mg/ml,Oral solution,240,2744,6695.36,2.44,0.01,"Aurobindo Unit III, India",Yes,998,3894.6,10.71
86496,151-NG-T30,FPQ-8952,SO-42800,DN-2765,Nigeria,PMO - US,From RDC,N/A - From RDC,Air Charter,12/8/11,N/A - From RDC,30-Jul-12,24-Jul-12,24-Jul-12,ARV,Adult,SCMS from RDC,"Efavirenz/Lamivudine/Tenofovir Disoproxil Fumarate 600/300/300mg, tablets, 30 Tabs",Efavirenz/Lamivudine/Tenofovir Disoproxil Fumarate,Generic,600/300/300mg,Tablet - FDC,30,7000,92890.0,13.27,0.44,Mylan (formerly Matrix) Nashik,Yes,858,16532.5,130.23
64824,151-NG-T30,FPQ-14780,SCMS-254180,ASN-32118,Nigeria,PMO - US,Direct Drop,EXW,Air,8/13/14,8/29/14,2-Jun-15,2-Jun-15,4-Jun-15,ARV,Adult,EMCURE PHARMACEUTICALS LTD,"Atazanavir/Ritonavir 300/100mg, tablets, 30 Tabs",Atazanavir/Ritonavir,Generic,300/100mg,Tablet,30,10717,192906.0,18.0,0.6,"Emcure Plot No.P-2, I.T-B.T. Park, Phase II, MIDC, Hinjwadi, Pune, India",Yes,1400,11732.9,198.31
82281,111-MZ-T30,FPQ-4479,SO-34170,DN-1580,Mozambique,PMO - US,From RDC,N/A - From RDC,Air,2/26/09,N/A - From RDC,19-Jan-10,26-Jan-10,26-Jan-10,ARV,Adult,SCMS from RDC,"Zidovudine 300mg, tablets, 60 Tabs",Zidovudine,Generic,300mg,Tablet,60,92,709.32,7.71,0.13,"Aurobindo Unit III, India",Yes,363,1816.73,1.39
2756,102-NG-T01,Pre-PQ Process,SCMS-599,ASN-522,Nigeria,PMO - US,Direct Drop,EXW,Air,Pre-PQ Process,6/21/07,4-Jul-07,4-Jul-07,4-Jul-07,HRDT,HIV test,"CHEMBIO DIAGNOSTIC SYSTEMS, INC.","HIV 1/2, Stat-Pak HIV, Kit, 20 Tests","HIV 1/2, Stat-Pak HIV, Kit",Stat-Pak,,Test kit,20,8000,216000.0,27.0,1.35,Chembio Diagnostics Sys. Inc.,Yes,2603,22838.29,345.6
86822,200-ZW-T30,FPQ-16523,SO-51680,DN-4334,Zimbabwe,PMO - US,From RDC,N/A - From RDC,Truck,7/1/15,N/A - From RDC,9-Sep-15,4-Aug-15,11-Aug-15,ARV,Adult,SCMS from RDC,"Lamivudine/Zidovudine 150/300mg, tablets, 60 Tabs",Lamivudine/Zidovudine,Generic,150/300mg,Tablet - FDC,60,17465,113871.8,6.52,0.11,Mylan (formerly Matrix) Nashik,Yes,1392,Freight Included in Commodity Cost,134.03
86061,106-HT-T30,FPQ-13608,SO-47690,DN-3586,Haiti,PMO - US,From RDC,N/A - From RDC,Air,1/22/14,N/A - From RDC,30-Mar-14,24-Mar-14,6-May-14,ARV,Adult,SCMS from RDC,"Lamivudine/Nevirapine/Zidovudine 150/200/300mg, tablets, 60 Tabs",Lamivudine/Nevirapine/Zidovudine,Generic,150/300/200mg,Tablet - FDC,60,30000,247800.0,8.26,0.14,Mylan (formerly Matrix) Nashik,No,See DN-3586 (ID#:83224),See DN-3586 (ID#:83224),254.74
83096,151-NG-T30,FPQ-9968,SO-43435,DN-2946,Nigeria,PMO - US,From RDC,N/A - From RDC,Air,5/23/12,N/A - From RDC,4-Dec-12,4-Dec-12,4-Dec-12,ARV,Adult,SCMS from RDC,"Nevirapine 200mg, tablets, 60 Tabs",Nevirapine,Generic,200mg,Tablet,60,36000,87120.0,2.42,0.04,Mylan (formerly Matrix) Nashik,No,See DN-2946 (ID#:82531),See DN-2946 (ID#:82531),122.14
38827,102-GY-T30,FPQ-5497,SCMS-71640,ASN-6866,Guyana,PMO - US,Direct Drop,EXW,Air,4/15/10,4/26/10,28-May-10,28-May-10,28-May-10,HRDT,HIV test,"CHEMBIO DIAGNOSTIC SYSTEMS, INC.","HIV 1/2, Stat-Pak HIV, Kit, 20 Tests","HIV 1/2, Stat-Pak HIV, Kit",Stat-Pak,,Test kit,20,5,135.0,27.0,1.35,Chembio Diagnostics Sys. Inc.,Yes,1,283.21,0.29
2680,110-ZM-T01,Pre-PQ Process,SCMS-137,ASN-95,Zambia,PMO - US,Direct Drop,EXW,Air,Pre-PQ Process,Date Not Captured,29-Jan-07,29-Jan-07,29-Jan-07,ARV,Pediatric,Aurobindo Pharma Limited,"Abacavir 20mg/ml, oral solution, Bottle, 240 ml",Abacavir,Generic,20mg/ml,Oral solution,240,906,19071.3,21.05,0.09,"Aurobindo Unit III, India",Yes,316,3850.8,
86563,114-UG-T30,FPQ-10946,SO-43650,DN-3121,Uganda,PMO - US,From RDC,N/A - From RDC,Air,11/1/12,N/A - From RDC,9-Aug-13,9-Aug-13,9-Aug-13,ARV,Adult,SCMS from RDC,"Nevirapine 200mg, tablets, 60 Tabs",Nevirapine,Generic,200mg,Tablet,60,32298,72993.48,2.26,0.04,Hetero Unit III Hyderabad IN,No,See DN-3121 (ID#:83677),See DN-3121 (ID#:83677),90.29
9316,102-NG-T01,Pre-PQ Process,SCMS-694,ASN-582,Nigeria,PMO - US,Direct Drop,EXW,Air,Pre-PQ Process,6/6/07,6-Aug-07,6-Aug-07,6-Aug-07,HRDT,HIV test,Abbott GmbH & Co. KG,"HIV 1/2, Determine Complete HIV Kit, 100 Tests","HIV 1/2, Determine Complete HIV Kit",Determine,,Test kit,100,3500,280000.0,80.0,0.8,ABBVIE GmbH & Co.KG Wiesbaden,Yes,1192,10879.22,448.0
69875,161-ZA-T30,FPQ-5303,SCMS-68750,ASN-8515,South Africa,PMO - US,Direct Drop,DDP,Air,3/18/10,3/19/10,13-Oct-10,17-Nov-10,17-Nov-10,ARV,Adult,CIPLA LIMITED,"Tenofovir Disoproxil Fumarate 300mg, tablets, 30 Tabs",Tenofovir Disoproxil Fumarate,Generic,300mg,Tablet,30,51828,405294.96,7.82,0.26,"Cipla, Goa, India",Yes,3543,3646.13,873.82
79375,116-ZA-T30,FPQ-13973,SCMS-238556,ASN-31854,South Africa,PMO - US,Direct Drop,DDP,Truck,4/30/14,4/28/15,28-Apr-15,28-Apr-15,28-Apr-15,ARV,Adult,PHARMACY DIRECT,"Abacavir 300mg, tablets, 60 Tabs",Abacavir,Generic,300mg,Tablet,60,19,1310.81,68.99,1.15,"Aurobindo Unit III, India",No,Weight Captured Separately,Freight Included in Commodity Cost,1.35
15815,116-ZA-T30,FPQ-4359,SCMS-54980,ASN-5373,South Africa,PMO - US,Direct Drop,DDP,Truck,10/8/09,10/15/09,19-Oct-09,19-Oct-09,19-Oct-09,ARV,Pediatric,S. BUYS WHOLESALER,"Stavudine 1mg/ml [Zerit], powder for oral solution, Bottle, 200 ml",Stavudine,Zerit,1mg/ml,Powder for oral solution,200,2200,3914.05,1.78,0.01,"BMS Meymac, France",No,Weight Captured Separately,Freight Included in Commodity Cost,7.67
83654,111-MZ-T30,FPQ-11033,SO-43760,DN-3012,Mozambique,PMO - US,From RDC,N/A - From RDC,Truck,11/12/12,N/A - From RDC,1-Apr-13,22-Mar-13,22-Mar-13,ARV,Adult,SCMS from RDC,"Nevirapine 200mg, tablets, 60 Tabs",Nevirapine,Generic,200mg,Tablet,60,1820,4204.2,2.31,0.04,Hetero Unit III Hyderabad IN,No,See DN-3012 (ID#:83107),See DN-3012 (ID#:83107),5.2
11932,151-NG-T01,Pre-PQ Process,SO-21782,DN-1144,Nigeria,PMO - US,From RDC,N/A - From RDC,Air,Pre-PQ Process,N/A - From RDC,24-Mar-09,24-Mar-09,24-Mar-09,ARV,Adult,SCMS from RDC,"Emtricitabine/Tenofovir Disoproxil Fumarate 200/300mg [Truvada], tablets, 30 Tabs",Emtricitabine/Tenofovir Disoproxil Fumarate,Truvada,300/200mg,Tablet - FDC,30,37666,988732.5,26.25,0.88,"Aspen-OSD, Port Elizabeth, SA",Yes,3273,6443.63,1937.92
11532,100-PK-T01,Pre-PQ Process,SO-2496,DN-732,Pakistan,PMO - US,From RDC,N/A - From RDC,Air,Pre-PQ Process,N/A - From RDC,19-May-08,19-May-08,19-May-08,HRDT,HIV test - Ancillary,SCMS from RDC,"HIV, Lancet, Safety, for HIV Test kits, 100 Pcs","HIV, Lancet, Safety, for HIV Test kits, 100 Pcs",Generic,,Test kit - Ancillary,100,20,0.2,0.01,0.0,Inverness Japan,No,See DN-732 (ID#:10675),See DN-732 (ID#:10675),0.0
57016,104-CI-T30,FPQ-12806,SCMS-206570,ASN-24432,Côte d'Ivoire,PMO - US,Direct Drop,EXW,Air,8/9/13,9/17/13,27-Feb-14,27-Feb-14,26-Mar-14,ARV,Pediatric,Aurobindo Pharma Limited,"Zidovudine 100mg, capsules, 100 Caps",Zidovudine,Generic,100mg,Capsule,100,400,1800.0,4.5,0.04,"Aurobindo Unit III, India",No,See ASN-24432 (ID#:40680),See ASN-24432 (ID#:40680),2.23
12878,112-NG-T01,Pre-PQ Process,SO-20962,DN-1182,Nigeria,PMO - US,From RDC,N/A - From RDC,Air,Pre-PQ Process,N/A - From RDC,30-Apr-09,30-Apr-09,30-Apr-09,ARV,Adult,SCMS from RDC,"Nevirapine 200mg, tablets, 60 Tabs",Nevirapine,Generic,200mg,Tablet,60,1067,3414.4,3.2,0.05,Hetero Unit III Hyderabad IN,Yes,60,1981.1,6.69
10239,110-ZM-T01,Pre-PQ Process,SCMS-37780,ASN-3698,Zambia,PMO - US,Direct Drop,EXW,Air,Pre-PQ Process,1/27/09,9-Apr-09,9-Apr-09,9-Apr-09,HRDT,HIV test,"Trinity Biotech, Plc","HIV 1/2, Uni-Gold HIV Kit, 20 Tests","HIV 1/2, Uni-Gold HIV Kit",Uni-Gold,,Test kit,20,8000,256000.0,32.0,1.6,"Trinity Biotech, Plc",Yes,2657,25513.66,501.76
66438,106-HT-T30,FPQ-11286,SCMS-176320,ASN-18407,Haiti,PMO - US,Direct Drop,EXW,Air,1/16/13,2/5/13,11-Mar-13,11-Mar-13,11-Mar-13,ARV,Adult,Aurobindo Pharma Limited,"Didanosine 400mg, delayed-release capsules, 30 Caps",Didanosine,Generic,400mg,Delayed-release capsules,30,384,7680.0,20.0,0.67,"Aurobindo Unit III, India",Yes,30,1119.09,9.5
11939,126-NG-T01,Pre-PQ Process,SO-10750,DN-846,Nigeria,PMO - US,From RDC,N/A - From RDC,Air,Pre-PQ Process,N/A - From RDC,24-Jul-08,24-Jul-08,24-Jul-08,ARV,Adult,SCMS from RDC,"Efavirenz 600mg, tablets, 30 Tabs",Efavirenz,Generic,600mg,Tablet,30,4200,49224.0,11.72,0.39,"Aurobindo Unit III, India",Yes,621,4099.51,78.76
83017,109-TZ-T30,FPQ-8297,SO-40614,DN-2588,Tanzania,PMO - US,From RDC,N/A - From RDC,Truck,8/22/11,N/A - From RDC,4-May-12,13-Mar-12,13-Mar-12,ARV,Adult,SCMS from RDC,"Lamivudine 150mg, tablets, 60 Tabs",Lamivudine,Generic,150mg,Tablet,60,96018,223721.94,2.33,0.04,Macleods Daman Plant INDIA,Yes,4271,3825.8,369.14
6369,106-HT-T01,Pre-PQ Process,SCMS-40030,ASN-3748,Haiti,PMO - US,Direct Drop,FCA,Air,Pre-PQ Process,3/6/09,15-Apr-09,15-Apr-09,15-Apr-09,ARV,Adult,ABBVIE LOGISTICS (FORMERLY ABBOTT LOGISTICS BV),"Lopinavir/Ritonavir 200/50mg [Aluvia], tablets, 120 Tabs",Lopinavir/Ritonavir,Aluvia,200/50mg,Tablet,120,10,411.0,41.1,0.34,ABBVIE Ludwigshafen Germany,Yes,9,807.28,0.81
83720,103-DO-T30,FPQ-11920,SO-46130,DN-3349,Dominican Republic,PMO - US,From RDC,N/A - From RDC,Air,3/18/13,N/A - From RDC,29-Oct-13,16-Oct-13,29-Oct-13,ARV,Adult,SCMS from RDC,"Lamivudine/Tenofovir Disoproxil Fumarate 300/300mg, tablets, 30 Tabs",Lamivudine/Tenofovir Disoproxil Fumarate,Generic,300/300mg,Tablet - FDC,30,48,225.6,4.7,0.16,Mylan (formerly Matrix) Nashik,Yes,29,594.4,0.28
73261,116-ZA-T30,FPQ-12522,SCMS-199283,ASN-27980,South Africa,PMO - US,Direct Drop,DDP,Truck,7/11/13,8/27/14,27-Aug-14,27-Aug-14,27-Aug-14,ARV,Pediatric,S. BUYS WHOLESALER,"Lamivudine 10mg/ml, oral solution w/syringe, Bottle, 240 ml",Lamivudine,Generic,10mg/ml,Oral solution,240,12,95.96,8.0,0.03,"Aurobindo Unit III, India",No,Weight Captured Separately,Freight Included in Commodity Cost,0.12
12879,123-NG-T01,Pre-PQ Process,SO-23430,DN-1183,Nigeria,PMO - US,From RDC,N/A - From RDC,Air Charter,Pre-PQ Process,N/A - From RDC,8-May-09,8-May-09,8-May-09,ARV,Adult,SCMS from RDC,"Lamivudine/Zidovudine 150/300mg, tablets, 60 Tabs",Lamivudine/Zidovudine,Generic,150/300mg,Tablet - FDC,60,35000,327250.0,9.35,0.16,"Aurobindo Unit III, India",Yes,3162,15128.37,641.41
5522,108-VN-T01,Pre-PQ Process,SCMS-14210,ASN-1340,Vietnam,PMO - US,Direct Drop,FCA,Air,Pre-PQ Process,11/22/07,6-Mar-08,6-Mar-08,6-Mar-08,ARV,Adult,ABBVIE LOGISTICS (FORMERLY ABBOTT LOGISTICS BV),"Lopinavir/Ritonavir 200/50mg [Aluvia], tablets, 120 Tabs",Lopinavir/Ritonavir,Aluvia,200/50mg,Tablet,120,1000,82200.0,82.2,0.68,ABBVIE Ludwigshafen Germany,Yes,249,3120.92,131.52
10722,131-NG-T01,Pre-PQ Process,SO-10820,DN-897,Nigeria,PMO - US,From RDC,N/A - From RDC,Air,Pre-PQ Process,N/A - From RDC,10-Sep-08,10-Sep-08,10-Sep-08,ARV,Adult,SCMS from RDC,"Emtricitabine/Tenofovir Disoproxil Fumarate 200/300mg [Truvada], tablets, 30 Tabs",Emtricitabine/Tenofovir Disoproxil Fumarate,Truvada,300/200mg,Tablet - FDC,30,6000,157500.0,26.25,0.88,"Aspen-OSD, Port Elizabeth, SA",Yes,1566,10624.04,252.0
84597,104-CI-T30,FPQ-5201,SO-36380,DN-2034,Côte d'Ivoire,PMO - US,From RDC,N/A - From RDC,Air,3/3/10,N/A - From RDC,30-Oct-10,23-Nov-10,23-Nov-10,ARV,Pediatric,SCMS from RDC,"Efavirenz 200mg, capsule, 90 Caps",Efavirenz,Generic,200mg,Capsule,90,1785,17974.95,10.07,0.11,"Aurobindo Unit III, India",Yes,168,7816.45,38.75
20245,102-SZ-T30,FPQ-10537,SCMS-159081,ASN-19430,Swaziland,PMO - US,Direct Drop,EXW,Air,8/23/12,9/12/12,21-May-13,21-May-13,21-May-13,HRDT,HIV test,"Trinity Biotech, Plc","HIV 1/2, Uni-Gold HIV Kit, 20 Tests","HIV 1/2, Uni-Gold HIV Kit",Uni-Gold,,Test kit,20,150,4800.0,32.0,1.6,"Trinity Biotech, Plc",Yes,58,642.05,6.73
5802,116-ZA-T01,Pre-PQ Process,SCMS-23500,ASN-2293,South Africa,PMO - US,Direct Drop,DDP,Truck,Pre-PQ Process,Date Not Captured,20-Aug-08,8-May-08,8-May-08,ARV,Pediatric,S. BUYS WHOLESALER,"Didanosine 2g [Videx], powder for oral solution 10mg/ml, reconstitute to 200 ml",Didanosine,Videx,2g,Powder for oral solution,200,6,78.48,13.08,0.07,"BMS Meymac, France",No,Weight Captured Separately,Freight Included in Commodity Cost,0.13
11846,114-UG-T01,Pre-PQ Process,SO-1304,DN-550,Uganda,PMO - US,From RDC,N/A - From RDC,Air,Pre-PQ Process,N/A - From RDC,11-Mar-08,11-Mar-08,11-Mar-08,ARV,Adult,SCMS from RDC,"Efavirenz 600mg, tablets, 30 Tabs",Efavirenz,Generic,600mg,Tablet,30,3364,41780.88,12.42,0.41,"Aurobindo Unit III, India",Yes,369,1902.9,66.85
80175,106-HT-T30,FPQ-9636,SCMS-148360,ASN-16560,Haiti,PMO - US,Direct Drop,EXW,Ocean,5/14/12,7/3/12,20-Dec-12,20-Dec-12,20-Dec-12,ARV,Adult,Aurobindo Pharma Limited,"Efavirenz 600mg, tablets, 30 Tabs",Efavirenz,Generic,600mg,Tablet,30,35616,126436.8,3.55,0.12,"Aurobindo Unit III, India",No,See ASN-16560 (ID#:29734),See ASN-16560 (ID#:29734),177.26
23076,105-SS-T30,FPQ-11754,SCMS-181381,ASN-20235,South Sudan,PMO - US,Direct Drop,EXW,Air,2/22/13,4/1/13,12-Sep-13,12-Sep-13,12-Sep-13,HRDT,HIV test,"Trinity Biotech, Plc","HIV 1/2, Uni-Gold HIV Kit, 20 Tests","HIV 1/2, Uni-Gold HIV Kit",Uni-Gold,,Test kit,20,450,14400.0,32.0,1.6,"Trinity Biotech, Plc",Yes,165,2329.14,17.81
27118,133-NG-T30,FPQ-12812,SCMS-210351,ASN-23950,Nigeria,PMO - US,Direct Drop,EXW,Air,8/13/13,11/1/13,18-Feb-14,14-Feb-14,19-Mar-14,HRDT,HIV test,"Orgenics, Ltd","HIV 1/2, Determine Complete HIV Kit, 100 Tests","HIV 1/2, Determine Complete HIV Kit",Determine,,Test kit,100,9241,822449.0,89.0,0.89,"Alere Medical Co., Ltd.",Yes,3744,57484.06,1017.37
37519,161-ZA-T30,FPQ-6262,SCMS-83770,ASN-9945,South Africa,PMO - US,Direct Drop,DDP,Ocean,8/31/10,9/24/10,26-Apr-11,26-Apr-11,26-Apr-11,ARV,Adult,Aurobindo Pharma Limited,"Lamivudine 150mg, tablets, 60 Tabs",Lamivudine,Generic,150mg,Tablet,60,136403,323275.11,2.37,0.04,"Aurobindo Unit III, India",No,See ASN-9945 (ID#:28542),See ASN-9945 (ID#:28542),696.98
12435,114-UG-T01,Pre-PQ Process,SO-1300,DN-435,Uganda,PMO - US,From RDC,N/A - From RDC,Air,Pre-PQ Process,N/A - From RDC,10-Dec-07,10-Dec-07,10-Dec-07,ARV,Adult,SCMS from RDC,"Zidovudine 300mg, tablets, 60 Tabs",Zidovudine,Generic,300mg,Tablet,60,140,1141.0,8.15,0.14,"Aurobindo Unit III, India",No,See DN-435 (ID#:10908),See DN-435 (ID#:10908),1.83
34942,116-ZA-T30,FPQ-3560,SCMS-49641,ASN-5136,South Africa,PMO - US,Direct Drop,DDP,Truck,5/7/09,7/21/09,5-Aug-09,5-Aug-09,5-Aug-09,ARV,Pediatric,S. BUYS WHOLESALER,"Zidovudine 100mg, capsules, 100 Caps",Zidovudine,Generic,100mg,Capsule,100,944,22658.01,24.0,0.24,"Cipla, Goa, India",No,Weight Captured Separately,Freight Included in Commodity Cost,44.41
17447,104-CI-T30,FPQ-12714,SCMS-204990,ASN-22828,Côte d'Ivoire,PMO - US,Direct Drop,FCA,Air,7/30/13,9/2/13,29-Nov-13,29-Nov-13,2-Dec-13,ARV,Pediatric,ABBVIE LOGISTICS (FORMERLY ABBOTT LOGISTICS BV),"Lopinavir/Ritonavir 100/25mg [Aluvia], tablets, 60 Tabs",Lopinavir/Ritonavir,Generic,100/25mg,Tablet,60,7850,46629.0,5.94,0.1,ABBVIE Ludwigshafen Germany,Yes,909,6020.53,57.68
12464,106-HT-T01,Pre-PQ Process,SO-1288,DN-445,Haiti,PMO - US,From RDC,N/A - From RDC,Air,Pre-PQ Process,N/A - From RDC,22-Jan-08,22-Jan-08,22-Jan-08,ARV,Adult,SCMS from RDC,"Stavudine 20mg, capsules, 60 Caps",Stavudine,Generic,20mg,Capsule,60,100,175.0,1.75,0.03,"Aurobindo Unit III, India",No,See DN-445 (ID#:10640),See DN-445 (ID#:10640),0.28
85594,104-CI-T30,FPQ-15259,SO-50100,DN-4255,Côte d'Ivoire,PMO - US,From RDC,N/A - From RDC,Truck,10/24/14,N/A - From RDC,19-Jun-15,8-Jun-15,19-Jun-15,ARV,Adult,SCMS from RDC,"Efavirenz 600mg, tablets, 30 Tabs",Efavirenz,Generic,600mg,Tablet,30,45204,141036.48,3.12,0.1,"Strides, Bangalore, India.",No,See DN-4255 (ID#:83911),See DN-4255 (ID#:83911),166.0
67703,104-CI-T30,FPQ-13155,SCMS-216970,ASN-25670,Côte d'Ivoire,PMO - US,Direct Drop,FCA,Air,10/22/13,12/4/13,25-Apr-14,25-Apr-14,25-Apr-14,ARV,Adult,ABBVIE LOGISTICS (FORMERLY ABBOTT LOGISTICS BV),"Ritonavir 100mg [Norvir], film coated tablets, 60 Tabs",Ritonavir,Norvir,100mg,Tablet,60,3000,20550.0,6.85,0.11,ABBVIE Ludwigshafen Germany,Yes,385,3765.28,21.13
85682,151-NG-T30,FPQ-5023,SO-36440,DN-1898,Nigeria,PMO - US,From RDC,N/A - From RDC,Air,2/10/10,N/A - From RDC,15-Jul-10,28-Jun-10,28-Jun-10,ARV,Adult,SCMS from RDC,"Efavirenz 600mg, tablets, 30 Tabs",Efavirenz,Generic,600mg,Tablet,30,44295,203757.0,4.6,0.15,"Strides, Bangalore, India.",Yes,3045,Freight Included in Commodity Cost,439.3
72770,101-CD-T30,FPQ-14654,SCMS-253270,ASN-28379,"Congo, DRC",PMO - US,Direct Drop,EXW,Air,8/11/14,8/27/14,31-Dec-14,31-Dec-14,31-Dec-14,HRDT,HIV test - Ancillary,"Orgenics, Ltd","Chase Buffer, Determine, 100 Tests, 2.5ml x 1 Vial","Chase Buffer, Determine, 100 Tests, 2.5ml x 1 Vial",Determine,,Test kit - Ancillary,1,2683,13415.0,5.0,5.0,"Alere Medical Co., Ltd.",No,See ASN-28379 (ID#:32865),See ASN-28379 (ID#:32865),13.79
48182,106-HT-T30,FPQ-14895,SCMS-261300,ASN-29497,Haiti,PMO - US,Direct Drop,FCA,Air,9/24/14,11/5/14,10-Dec-14,10-Dec-14,10-Dec-14,ARV,Adult,ABBVIE LOGISTICS (FORMERLY ABBOTT LOGISTICS BV),"Ritonavir 100mg [Norvir], film coated tablets, 60 Tabs",Ritonavir,Norvir,100mg,Tablet,60,272,1863.2,6.85,0.11,ABBVIE Ludwigshafen Germany,Yes,37,722.35,1.92
8922,109-TZ-T01,Pre-PQ Process,SCMS-38410,ASN-4381,Tanzania,PMO - US,Direct Drop,FCA,Air,Pre-PQ Process,2/5/09,11-Aug-09,11-Aug-09,11-Aug-09,ARV,Adult,ABBVIE LOGISTICS (FORMERLY ABBOTT LOGISTICS BV),"Lopinavir/Ritonavir 200/50mg [Aluvia], tablets, 120 Tabs",Lopinavir/Ritonavir,Aluvia,200/50mg,Tablet,120,60,2466.0,41.1,0.34,ABBVIE Ludwigshafen Germany,No,See ASN-4381 (ID#:4949),See ASN-4381 (ID#:4949),4.83
82405,151-NG-T30,FPQ-7812,SO-39998,DN-2358,Nigeria,PMO - US,From RDC,N/A - From RDC,Air Charter,6/6/11,N/A - From RDC,3-Nov-11,28-Sep-11,28-Sep-11,ARV,Adult,SCMS from RDC,"Lamivudine/Zidovudine 150/300mg, tablets, 60 Tabs",Lamivudine/Zidovudine,Generic,150/300mg,Tablet - FDC,60,3446,28463.96,8.26,0.14,Mylan (formerly Matrix) Nashik,Yes,6622,18495.9,46.97
12973,106-HT-T30,FPQ-9066,SCMS-138620,ASN-14950,Haiti,PMO - US,Direct Drop,EXW,Air,1/6/12,2/24/12,12-Jun-12,12-Jun-12,12-Jun-12,ARV,Pediatric,CIPLA LIMITED,"Lamivudine/Nevirapine/Stavudine 30/50/6mg, dispersible tablets, 60 Tabs",Lamivudine/Nevirapine/Stavudine,Generic,30/50/6mg,Chewable/dispersible tablet - FDC,60,298,685.4,2.3,0.04,"Cipla, Goa, India",Yes,21,304.62,0.96
85075,123-NG-T30,FPQ-4071,SO-33280,DN-1533,Nigeria,PMO - US,From RDC,N/A - From RDC,Air Charter,8/12/09,N/A - From RDC,24-Nov-09,20-Nov-09,20-Nov-09,ARV,Adult,SCMS from RDC,"Lamivudine 150mg, tablets, 60 Tabs",Lamivudine,Generic,150mg,Tablet,60,50000,122000.0,2.44,0.04,"Aurobindo Unit III, India",Yes,2390,Freight Included in Commodity Cost,239.12
19346,116-ZA-T30,FPQ-13973,SCMS-238553,ASN-28021,South Africa,PMO - US,Direct Drop,DDP,Truck,4/30/14,8/28/14,28-Aug-14,28-Aug-14,28-Aug-14,ARV,Adult,PHARMACY DIRECT,"Emtricitabine/Tenofovir Disoproxil Fumarate 200/300mg, tablets, 30 Tabs",Emtricitabine/Tenofovir Disoproxil Fumarate,Generic,200/300mg,Tablet - FDC,30,11,332.32,30.21,1.01,"Aurobindo Unit III, India",No,Weight Captured Separately,Freight Included in Commodity Cost,0.34
10981,111-MZ-T01,Pre-PQ Process,SO-1882,DN-817,Mozambique,PMO - US,From RDC,N/A - From RDC,Air,Pre-PQ Process,N/A - From RDC,7-Aug-08,7-Aug-08,7-Aug-08,ARV,Adult,SCMS from RDC,"Lamivudine/Nevirapine/Stavudine 150/200/30mg, tablets, 60 Tabs",Lamivudine/Nevirapine/Stavudine,Generic,150/200/30mg,Tablet - FDC,60,38975,280620.0,7.2,0.12,"Strides, Bangalore, India.",Yes,13123,9161.95,448.99
83336,104-CI-T30,FPQ-14370,SO-49090,DN-4177,Côte d'Ivoire,PMO - US,From RDC,N/A - From RDC,Truck,5/23/14,N/A - From RDC,29-May-15,29-May-15,18-Jun-15,ARV,Adult,SCMS from RDC,"Efavirenz 600mg, tablets, 30 Tabs",Efavirenz,Generic,600mg,Tablet,30,30004,93612.48,3.12,0.1,"Cipla, Goa, India",No,See DN-4177 (ID#:82804),See DN-4177 (ID#:82804),96.23
37251,102-SD-T30,FPQ-6991,SCMS-100301,ASN-10451,Sudan,PMO - US,Direct Drop,EXW,Air,2/5/11,3/2/11,29-Apr-11,29-Apr-11,29-Apr-11,HRDT,HIV test - Ancillary,"Standard Diagnostics, Inc.","HIV 1/2, Bioline 3.0 Diluent, 25 Tests, Bottle x 5 ml","HIV 1/2, Bioline 3.0 Diluent, 25 Tests",Bioline,,Test kit - Ancillary,1,13,11.7,0.9,0.9,"Standard Diagnostics, Korea",Yes,1,137.5,0.02
10719,111-MZ-T01,Pre-PQ Process,SO-11071,DN-932,Mozambique,PMO - US,From RDC,N/A - From RDC,Truck,Pre-PQ Process,N/A - From RDC,14-Nov-08,14-Nov-08,14-Nov-08,ARV,Adult,SCMS from RDC,"Lamivudine/Nevirapine/Stavudine 150/200/30mg, tablets, 60 Tabs",Lamivudine/Nevirapine/Stavudine,Generic,150/200/30mg,Tablet - FDC,60,125010,900072.0,7.2,0.12,"Strides, Bangalore, India.",Yes,3918,1012.43,1440.12
50665,104-CI-T30,FPQ-3967,SCMS-52640,ASN-5258,Côte d'Ivoire,PMO - US,Direct Drop,FCA,Air,8/21/09,9/11/09,6-Nov-09,6-Nov-09,6-Nov-09,ARV,Adult,ABBVIE LOGISTICS (FORMERLY ABBOTT LOGISTICS BV),"Lopinavir/Ritonavir 200/50mg [Aluvia], tablets, 120 Tabs",Lopinavir/Ritonavir,Aluvia,200/50mg,Tablet,120,10560,381849.6,36.16,0.3,ABBVIE Ludwigshafen Germany,Yes,2598,15873.33,748.43
67153,114-UG-T30,FPQ-12477,SCMS-198720,ASN-21627,Uganda,PMO - US,Direct Drop,EXW,Ocean,7/8/13,7/31/13,6-Nov-13,6-Nov-13,13-Nov-13,ARV,Adult,MYLAN LABORATORIES LTD (FORMERLY MATRIX LABORATORIES),"Lamivudine/Nevirapine/Zidovudine 150/200/300mg, tablets, 60 Tabs",Lamivudine/Nevirapine/Zidovudine,Generic,150/300/200mg,Tablet - FDC,60,165374,1339529.4,8.1,0.13,Mylan (formerly Matrix) Nashik,No,See ASN-21627 (ID#:48945),See ASN-21627 (ID#:48945),1657.0
7467,117-ET-T01,Pre-PQ Process,SCMS-32630,ASN-3154,Ethiopia,PMO - US,Direct Drop,EXW,Air,Pre-PQ Process,10/27/08,26-Jan-09,26-Jan-09,26-Jan-09,HRDT,HIV test,"SHANGHAI KEHUA BIOENGINEERING CO.,LTD.  (KHB)","HIV 1/2, SKB Colloidal Gold, Diagnostic Kit, Antibody, 50 Tests","HIV 1/2, Colloidal Gold, Diagnostic Kit, Antibody",Colloidal Gold,,Test kit,1,3510,80730.0,23.0,23.0,"KHB Test Kit Facility, Shanghai China",Yes,2535,20083.74,158.23
84585,104-CI-T30,FPQ-5623,SO-36890,DN-1984,Côte d'Ivoire,PMO - US,From RDC,N/A - From RDC,Air,5/7/10,N/A - From RDC,31-Aug-10,23-Aug-10,23-Aug-10,ARV,Adult,SCMS from RDC,"Lamivudine 150mg, tablets, 60 Tabs",Lamivudine,Generic,150mg,Tablet,60,6594,15364.02,2.33,0.04,"Strides, Bangalore, India.",No,See DN-1984 (ID#:83453),See DN-1984 (ID#:83453),33.12
35870,114-UG-T30,FPQ-11153,SCMS-171950,ASN-18631,Uganda,PMO - US,Direct Drop,DDP,Air,12/13/12,1/17/13,14-Mar-13,14-Mar-13,14-Mar-13,ARV,Adult,ASPEN PHARMACARE,"Darunavir 300mg [Prezista], tablets, 120 Tabs",Darunavir,Prezista,300mg,Tablet,120,388,25840.8,66.6,0.55,"Aspen-OSD, Port Elizabeth, SA",Yes,68,1571.76,31.97
86565,103-SS-T30,FPQ-11489,SO-44630,DN-3125,South Sudan,PMO - US,From RDC,N/A - From RDC,Air,1/16/13,N/A - From RDC,30-Apr-13,24-Apr-13,24-Apr-13,ARV,Adult,SCMS from RDC,"Lamivudine/Zidovudine 150/300mg, tablets, 60 Tabs",Lamivudine/Zidovudine,Generic,150/300mg,Tablet - FDC,60,1702,12373.54,7.27,0.12,"Cipla, Goa, India",No,See DN-3125 (ID#:82571),See DN-3125 (ID#:82571),15.31
66123,161-ZA-T30,FPQ-6262,SCMS-84210,ASN-10109,South Africa,PMO - US,Direct Drop,DDP,Ocean,8/31/10,9/21/10,5-Apr-11,5-May-11,5-May-11,ARV,Adult,CIPLA LIMITED,"Nevirapine 200mg, tablets, 60 Tabs",Nevirapine,Generic,200mg,Tablet,60,48446,135164.34,2.79,0.05,"Cipla, Goa, India",Yes,Weight Captured Separately,Freight Included in Commodity Cost,291.41
4368,108-VN-T01,Pre-PQ Process,SCMS-20390,ASN-2204,Vietnam,PMO - US,Direct Drop,EXW,Air,Pre-PQ Process,3/31/08,12-Aug-08,12-Aug-08,12-Aug-08,ARV,Adult,CIPLA LIMITED,"Lamivudine/Nevirapine/Stavudine 150/200/30mg, tablets, 60 Tabs",Lamivudine/Nevirapine/Stavudine,Generic,150/200/30mg,Tablet - FDC,60,10420,77108.0,7.4,0.12,"Cipla, Goa, India",Yes,1000,7526.06,123.37
82052,161-ZA-T30,FPQ-5648,SCMS-75980,ASN-8791,South Africa,PMO - US,Direct Drop,DDP,Ocean,6/2/10,6/17/10,20-Dec-10,12-Jan-11,12-Jan-11,ARV,Adult,Aurobindo Pharma Limited,"Tenofovir Disoproxil Fumarate 300mg, tablets, 30 Tabs",Tenofovir Disoproxil Fumarate,Generic,300mg,Tablet,30,11711,80923.01,6.91,0.23,"Aurobindo Unit III, India",Yes,1093,5460.48,174.47
10564,111-MZ-T01,Pre-PQ Process,SO-576,DN-148,Mozambique,PMO - US,From RDC,N/A - From RDC,Air,Pre-PQ Process,N/A - From RDC,13-Jun-07,13-Jun-07,13-Jun-07,ARV,Adult,SCMS from RDC,"Indinavir 400mg [Crixivan], capsules, 180 Caps",Indinavir,Crixivan,400mg,Capsule,180,564,27816.48,49.32,0.27,MSD Elkton USA,Yes,3946,8892.48,
22778,161-ZA-T30,FPQ-6262,SCMS-83820,ASN-9175,South Africa,PMO - US,Direct Drop,DDP,Ocean,8/31/10,9/24/10,11-Jan-11,11-Jan-11,11-Jan-11,ARV,Adult,Aurobindo Pharma Limited,"Zidovudine 300mg, tablets, 60 Tabs",Zidovudine,Generic,300mg,Tablet,60,1033,7571.89,7.33,0.12,"Aurobindo Unit III, India",Yes,52,4295.61,16.32
84606,106-HT-T30,FPQ-5523,SO-36730,DN-2059,Haiti,PMO - US,From RDC,N/A - From RDC,Air,4/19/10,N/A - From RDC,26-Nov-10,15-Dec-10,15-Dec-10,ARV,Adult,SCMS from RDC,"Nevirapine 200mg, tablets, 60 Tabs",Nevirapine,Generic,200mg,Tablet,60,53200,141512.0,2.66,0.04,"Strides, Bangalore, India.",No,See DN-2059 (ID#:84053),See DN-2059 (ID#:84053),305.1
22817,107-RW-T30,FPQ-4854,SCMS-63650,ASN-6167,Rwanda,PMO - US,Direct Drop,FCA,Air,1/6/10,1/20/10,3-Mar-10,3-Mar-10,3-Mar-10,ARV,Adult,Hoffmann-La Roche ltd Basel,"Nelfinavir (as mesilate) 250mg [Viracept], tablets, 270 Tabs",Nelfinavir (as mesilate),Viracept,250mg,Tablet,270,40,5037.72,125.94,0.47,Roche Madrid,Yes,11,1049.3,10.86
85961,103-SS-T30,FPQ-11489,SO-44630,DN-3125,South Sudan,PMO - US,From RDC,N/A - From RDC,Air,1/16/13,N/A - From RDC,30-Apr-13,24-Apr-13,24-Apr-13,ARV,Pediatric,SCMS from RDC,"Lamivudine/Zidovudine 30/60mg, tablets, 60 Tabs",Lamivudine/Zidovudine,Generic,30/60mg,Tablet - FDC,60,132,298.32,2.26,0.04,Mylan (formerly Matrix) Nashik,No,See DN-3125 (ID#:82571),See DN-3125 (ID#:82571),0.37
12849,113-ZW-T01,Pre-PQ Process,SO-18100,DN-1115,Zimbabwe,PMO - US,From RDC,N/A - From RDC,Truck,Pre-PQ Process,N/A - From RDC,6-Apr-09,6-Apr-09,6-Apr-09,ARV,Adult,SCMS from RDC,"Lamivudine/Stavudine 150/30mg, tablets, 30 Tabs",Lamivudine/Stavudine,Generic,150/30mg,Tablet - FDC,30,8000,16000.0,2.0,0.07,"Cipla, Goa, India",No,See DN-1115 (ID#:11008),See DN-1115 (ID#:11008),31.36
11568,114-UG-T01,Pre-PQ Process,SO-17770,DN-998,Uganda,PMO - US,From RDC,N/A - From RDC,Truck,Pre-PQ Process,N/A - From RDC,15-Dec-08,15-Dec-08,15-Dec-08,ARV,Adult,SCMS from RDC,"Nevirapine 200mg, tablets, 60 Tabs",Nevirapine,Generic,200mg,Tablet,60,2523,8073.6,3.2,0.05,Hetero Unit III Hyderabad IN,Yes,585,5698.01,15.82
19063,105-SS-T30,FPQ-12623,SCMS-200920,ASN-21751,South Sudan,PMO - US,Direct Drop,EXW,Air,7/18/13,8/6/13,18-Oct-13,18-Oct-13,18-Oct-13,HRDT,HIV test,"Trinity Biotech, Plc","HIV 1/2, Uni-Gold HIV Kit, 20 Tests","HIV 1/2, Uni-Gold HIV Kit",Uni-Gold,,Test kit,20,450,14400.0,32.0,1.6,"Trinity Biotech, Plc",No,See ASN-21751 (ID#:13968),See ASN-21751 (ID#:13968),17.81
44615,108-VN-T30,FPQ-16194,SCMS-285500,ASN-33266,Vietnam,PMO - US,Direct Drop,EXW,Air,4/14/15,5/13/15,3-Sep-15,3-Sep-15,3-Sep-15,ARV,Adult,HETERO LABS LIMITED,"Lamivudine 150mg, tablets, 60 Tabs",Lamivudine,Generic,150mg,Tablet,60,5700,10260.0,1.8,0.03,Hetero Unit III Hyderabad IN,Yes,Weight Captured Separately,Invoiced Separately,12.08
12827,112-NG-T01,Pre-PQ Process,SO-11032,DN-920,Nigeria,PMO - US,From RDC,N/A - From RDC,Air,Pre-PQ Process,N/A - From RDC,26-Sep-08,26-Sep-08,26-Sep-08,ARV,Adult,SCMS from RDC,"Lopinavir/Ritonavir 200/50mg [Aluvia], tablets, 120 Tabs",Lopinavir/Ritonavir,Aluvia,200/50mg,Tablet,120,94,3863.4,41.1,0.34,ABBVIE Ludwigshafen Germany,Yes,27,1058,6.18
82846,114-UG-T30,FPQ-4454,SO-34270,DN-1541,Uganda,PMO - US,From RDC,N/A - From RDC,Air,9/25/09,N/A - From RDC,7-Dec-09,30-Nov-09,30-Nov-09,ARV,Adult,SCMS from RDC,"Efavirenz 600mg, tablets, 30 Tabs",Efavirenz,Generic,600mg,Tablet,30,4700,27166.0,5.78,0.19,"Aurobindo Unit III, India",Yes,680,3335.33,53.25
10712,111-MZ-T01,Pre-PQ Process,SO-15081,DN-1035,Mozambique,PMO - US,From RDC,N/A - From RDC,Air,Pre-PQ Process,N/A - From RDC,21-Feb-09,21-Feb-09,21-Feb-09,ARV,Adult,SCMS from RDC,"Lamivudine/Nevirapine/Stavudine 150/200/30mg, tablets, 60 Tabs",Lamivudine/Nevirapine/Stavudine,Generic,150/200/30mg,Tablet - FDC,60,125000,900000.0,7.2,0.12,"Strides, Bangalore, India.",Yes,9228,3671.92,1764.0
33522,104-CI-T30,FPQ-9874,SCMS-147590,ASN-17853,Côte d'Ivoire,PMO - US,Direct Drop,EXW,Air,5/11/12,6/13/12,6-Feb-13,6-Feb-13,6-Feb-13,HRDT,HIV test,"Orgenics, Ltd","HIV 1/2, Determine Complete HIV Kit, 100 Tests","HIV 1/2, Determine Complete HIV Kit",Determine,,Test kit,100,2400,192000.0,80.0,0.8,"Alere Medical Co., Ltd.",Yes,1043,20882.95,269.18
17865,116-ZA-T30,FPQ-12522,SCMS-199287,ASN-27750,South Africa,PMO - US,Direct Drop,DDP,Truck,7/11/13,8/13/14,13-Aug-14,13-Aug-14,13-Aug-14,ARV,Pediatric,S. BUYS WHOLESALER,"Lopinavir/Ritonavir 80/20mg/ml [Kaletra], oral solution, cool, Bottle 5 x 60 ml",Lopinavir/Ritonavir,Kaletra,80/20mg/ml,Oral solution,300,2,46.9,23.45,0.08,ABBVIE (Abbott) Logis. UK,Yes,Weight Captured Separately,Freight Included in Commodity Cost,0.06
86018,114-UG-T30,FPQ-12253,SO-45560,DN-3416,Uganda,PMO - US,From RDC,N/A - From RDC,Truck,5/8/13,N/A - From RDC,31-Dec-13,28-Nov-13,23-Dec-13,ARV,Adult,SCMS from RDC,"Efavirenz 600mg, tablets, 30 Tabs",Efavirenz,Generic,600mg,Tablet,30,66864,222657.12,3.33,0.11,"Strides, Bangalore, India.",Yes,4067,6976.78,275.43
10841,120-AO-T01,Pre-PQ Process,SO-780,DN-256,Angola,PMO - US,From RDC,N/A - From RDC,Truck,Pre-PQ Process,N/A - From RDC,15-Oct-07,15-Oct-07,15-Oct-07,HRDT,HIV test,SCMS from RDC,"HIV 1/2, Determine Complete HIV Kit, 100 Tests","HIV 1/2, Determine Complete HIV Kit",Determine,,Test kit,100,150,12000.0,80.0,0.8,ABBVIE GmbH & Co.KG Wiesbaden,Yes,49,1012.59,19.2
12864,131-NG-T01,Pre-PQ Process,SO-22800,DN-1123,Nigeria,PMO - US,From RDC,N/A - From RDC,Air Charter,Pre-PQ Process,N/A - From RDC,19-Mar-09,19-Mar-09,19-Mar-09,ARV,Adult,SCMS from RDC,"Efavirenz 600mg, tablets, 30 Tabs",Efavirenz,Generic,600mg,Tablet,30,16000,155520.0,9.72,0.32,"Aurobindo Unit III, India",Yes,1364,Freight Included in Commodity Cost,304.82
84139,101-CD-T30,FPQ-8840,SO-41146,DN-2510,"Congo, DRC",PMO - US,From RDC,N/A - From RDC,Air,11/21/11,N/A - From RDC,16-Mar-12,23-Mar-12,23-Mar-12,ARV,Pediatric,SCMS from RDC,"Nevirapine 10mg/ml, oral suspension w/syringe, Bottle, 240 ml",Nevirapine,Generic,10mg/ml,Oral suspension,240,163,317.85,1.95,0.01,"Aurobindo Unit III, India",No,See DN-2510 (ID#:82442),See DN-2510 (ID#:82442),0.45
11858,112-NG-T01,Pre-PQ Process,SO-2351,DN-717,Nigeria,PMO - US,From RDC,N/A - From RDC,Air,Pre-PQ Process,N/A - From RDC,18-Apr-08,18-Apr-08,18-Apr-08,ARV,Adult,SCMS from RDC,"Tenofovir Disoproxil Fumarate 300mg [Viread], tablets, 30 Tabs",Tenofovir Disoproxil Fumarate,Viread,300mg,Tablet,30,109,1853.0,17.0,0.57,Gilead(Nycomed) Oranienburg DE,Yes,422,2812.3,2.96
12237,117-ET-T01,Pre-PQ Process,SO-21990,DN-1051,Ethiopia,PMO - US,From RDC,N/A - From RDC,Air,Pre-PQ Process,N/A - From RDC,3-Feb-09,3-Feb-09,3-Feb-09,ARV,Adult,SCMS from RDC,"Lamivudine/Nevirapine/Stavudine 150/200/30mg, tablets, 60 Tabs",Lamivudine/Nevirapine/Stavudine,Generic,150/200/30mg,Tablet - FDC,60,22918,163176.16,7.12,0.12,"Strides, Bangalore, India.",Yes,1689,9189.57,319.83
11142,100-HT-T01,Pre-PQ Process,SO-831,DN-278,Haiti,PMO - US,From RDC,N/A - From RDC,Air,Pre-PQ Process,N/A - From RDC,7-Aug-07,7-Aug-07,7-Aug-07,HRDT,HIV test,SCMS from RDC,"HIV 1/2, Capillus HIV Kit, 100 Tests","HIV 1/2, Capillus HIV Kit",Capillus,,Test kit,100,75,10425.0,139.0,1.39,"Trinity Biotech, Plc",Yes,50,791.84,16.68
82321,111-MZ-T30,FPQ-4711,SO-35730,DN-1832,Mozambique,PMO - US,From RDC,N/A - From RDC,Truck,12/23/09,N/A - From RDC,30-Jun-10,14-Jun-10,14-Jun-10,ARV,Adult,SCMS from RDC,"Lamivudine/Nevirapine/Zidovudine 150/200/300mg, tablets, 60 Tabs",Lamivudine/Nevirapine/Zidovudine,Generic,150/300/200mg,Tablet - FDC,60,109554,1229195.88,11.22,0.19,"Aurobindo Unit III, India",Yes,20316,25790.82,2650.15
399,102-GY-T01,Pre-PQ Process,SCMS-18500,ASN-2117,Guyana,PMO - US,Direct Drop,EXW,Air,Pre-PQ Process,2/28/08,28-Jul-08,28-Jul-08,28-Jul-08,HRDT,HIV test - Ancillary,"Orgenics, Ltd","HIV, Lancet, Safety, for HIV Test kits, 100 Pcs","HIV, Lancet, Safety, for HIV Test kits, 100 Pcs",Generic,,Test kit - Ancillary,100,213,2.13,0.01,0.0,Inverness Japan,Yes,14,360,0.0
82343,109-TZ-T30,FPQ-5436,SO-36620,DN-1954,Tanzania,PMO - US,From RDC,N/A - From RDC,Air,4/1/10,N/A - From RDC,31-Aug-10,23-Aug-10,23-Aug-10,ARV,Adult,SCMS from RDC,"Abacavir 300mg, tablets, 60 Tabs",Abacavir,Generic,300mg,Tablet,60,23340,383709.6,16.44,0.27,Mylan (formerly Matrix) Nashik,Yes,2344,1647.25,827.28
84707,101-CD-T30,FPQ-8840,SO-41386,DN-2527,"Congo, DRC",PMO - US,From RDC,N/A - From RDC,Air,11/21/11,N/A - From RDC,22-Mar-12,22-Mar-12,22-Mar-12,ARV,Adult,SCMS from RDC,"Lamivudine 150mg, tablets, 60 Tabs",Lamivudine,Generic,150mg,Tablet,60,24,55.92,2.33,0.04,Hetero Unit III Hyderabad IN,Yes,2,522.42,0.08
16084,116-ZA-T30,FPQ-14942,SCMS-259074,ASN-31070,South Africa,PMO - US,Direct Drop,DDP,Truck,9/11/14,3/9/15,9-Mar-15,9-Mar-15,9-Mar-15,ARV,Adult,PHARMACY DIRECT,"Didanosine 250mg, delayed-release capsules, 30 Caps",Didanosine,Generic,250mg,Delayed-release capsules,30,1,11.02,11.02,0.37,"Aurobindo Unit III, India",No,Weight Captured Separately,Freight Included in Commodity Cost,0.01
85823,113-ZW-T30,FPQ-7052,SO-38520,DN-2519,Zimbabwe,PMO - US,From RDC,N/A - From RDC,Truck,1/19/11,N/A - From RDC,29-Feb-12,16-Feb-12,16-Feb-12,ARV,Adult,SCMS from RDC,"Lamivudine/Tenofovir Disoproxil Fumarate 300/300mg, tablets, 30 Tabs",Lamivudine/Tenofovir Disoproxil Fumarate,Generic,300/300mg,Tablet - FDC,30,10114,61493.12,6.08,0.2,Mylan (formerly Matrix) Nashik,No,See DN-2519 (ID#:84141),See DN-2519 (ID#:84141),101.46
7779,116-ZA-T01,Pre-PQ Process,SCMS-47430,ASN-4244,South Africa,PMO - US,Direct Drop,DDP,Truck,Pre-PQ Process,4/2/09,15-May-09,17-Apr-09,17-Apr-09,ARV,Adult,S. BUYS WHOLESALER,"Nevirapine 200mg [Viramune], tablets, 60 Tabs",Nevirapine,Viramune,200mg,Tablet,60,300,5031.0,16.77,0.28,"Boehringer Ing., Koropi, GR",No,Weight Captured Separately,Freight Included in Commodity Cost,9.86
38111,114-UG-T30,FPQ-15674,SCMS-277510,ASN-32498,Uganda,PMO - US,Direct Drop,EXW,Air,1/12/15,2/23/15,20-Jun-15,20-Jun-15,23-Jun-15,ARV,Adult,MYLAN LABORATORIES LTD (FORMERLY MATRIX LABORATORIES),"Atazanavir/Ritonavir 300/100mg, tablets, 30 Tabs",Atazanavir/Ritonavir,Generic,300/100mg,Tablet,30,12370,241215.0,19.5,0.65,Mylan (formerly Matrix) Nashik,Yes,1652,7172.9,283.91
44463,116-ZA-T30,FPQ-12522,SCMS-199289,ASN-28033,South Africa,PMO - US,Direct Drop,DDP,Truck,7/11/13,8/29/14,29-Aug-14,29-Aug-14,29-Aug-14,ARV,Adult,S. BUYS WHOLESALER,"Lamivudine 150mg, tablets, 60 Tabs",Lamivudine,Generic,150mg,Tablet,60,608,5932.29,9.76,0.16,Hetero Unit III Hyderabad IN,No,Weight Captured Separately,Freight Included in Commodity Cost,7.34
11975,110-ZM-T01,Pre-PQ Process,SO-17630,DN-1240,Zambia,PMO - US,From RDC,N/A - From RDC,Truck,Pre-PQ Process,N/A - From RDC,10-Jun-09,10-Jun-09,10-Jun-09,ARV,Adult,SCMS from RDC,"Efavirenz 600mg, tablets, 30 Tabs",Efavirenz,Generic,600mg,Tablet,30,100000,1100000.0,11.0,0.37,Hetero Unit III Hyderabad IN,Yes,7736,10069.54,2156.0
10689,104-CI-T01,Pre-PQ Process,SO-2044,DN-734,Côte d'Ivoire,PMO - US,From RDC,N/A - From RDC,Air,Pre-PQ Process,N/A - From RDC,2-Jun-08,2-Jun-08,2-Jun-08,ARV,Pediatric,SCMS from RDC,"Abacavir 20mg/ml, oral solution, Bottle, 240 ml",Abacavir,Generic,20mg/ml,Oral solution,240,1664,27456.0,16.5,0.07,"Aurobindo Unit III, India",Yes,905,10451.25,43.93
12424,112-NG-T01,Pre-PQ Process,SO-1221,DN-409,Nigeria,PMO - US,From RDC,N/A - From RDC,Air,Pre-PQ Process,N/A - From RDC,16-Nov-07,16-Nov-07,16-Nov-07,ARV,Adult,SCMS from RDC,"Efavirenz 600mg, tablets, 30 Tabs",Efavirenz,Generic,600mg,Tablet,30,1200,14904.0,12.42,0.41,"Aurobindo Unit III, India",No,See DN-409 (ID#:10903),See DN-409 (ID#:10903),23.85
86409,104-CI-T30,FPQ-7659,SO-40122,DN-2339,Côte d'Ivoire,PMO - US,From RDC,N/A - From RDC,Air,5/3/11,N/A - From RDC,12-Oct-11,12-Oct-11,12-Oct-11,ARV,Adult,SCMS from RDC,"Lamivudine/Zidovudine 150/300mg, tablets, 60 Tabs",Lamivudine/Zidovudine,Generic,150/300mg,Tablet - FDC,60,75420,622969.2,8.26,0.14,Mylan (formerly Matrix) Nashik,No,See DN-2339 (ID#:82401),See DN-2339 (ID#:82401),1027.9
84583,104-CI-T30,FPQ-5201,SO-36311,DN-1982,Côte d'Ivoire,PMO - US,From RDC,N/A - From RDC,Air,3/3/10,N/A - From RDC,23-Aug-10,23-Aug-10,23-Aug-10,ARV,Adult,SCMS from RDC,"Zidovudine 300mg, tablets, 60 Tabs",Zidovudine,Generic,300mg,Tablet,60,12060,86952.6,7.21,0.12,"Aurobindo Unit III, India",No,See DN-1982 (ID#:82910),See DN-1982 (ID#:82910),187.47
38299,108-VN-T30,FPQ-10811,SCMS-164580,ASN-18662,Vietnam,PMO - US,Direct Drop,EXW,Air,10/15/12,11/7/12,3-Apr-13,3-Apr-13,3-Apr-13,ARV,Adult,HETERO LABS LIMITED,"Zidovudine 300mg, tablets, 60 Tabs",Zidovudine,Generic,300mg,Tablet,60,418,2403.5,5.75,0.1,Hetero Unit III Hyderabad IN,Yes,1089,2006.63,2.97
10977,110-ZM-T01,Pre-PQ Process,SO-1888,DN-701,Zambia,PMO - US,From RDC,N/A - From RDC,,Pre-PQ Process,N/A - From RDC,9-May-08,9-May-08,9-May-08,ARV,Adult,SCMS from RDC,"Emtricitabine/Tenofovir Disoproxil Fumarate 200/300mg [Truvada], tablets, 30 Tabs",Emtricitabine/Tenofovir Disoproxil Fumarate,Truvada,300/200mg,Tablet - FDC,30,40000,1050000.0,26.25,0.88,"Aspen-OSD, Port Elizabeth, SA",Yes,3512,1772.4,1680.0
32398,116-ZA-T30,FPQ-12522,SCMS-199280,ASN-24433,South Africa,PMO - US,Direct Drop,DDP,Truck,7/11/13,8/13/13,7-Feb-14,7-Feb-14,7-Feb-14,ARV,Adult,S. BUYS WHOLESALER,"Tenofovir Disoproxil Fumarate 300mg, tablets, 30 Tabs",Tenofovir Disoproxil Fumarate,Generic,300mg,Tablet,30,306,6369.4,20.82,0.69,Hetero Unit III Hyderabad IN,Yes,Weight Captured Separately,Freight Included in Commodity Cost,7.88
83210,103-ZW-T30,FPQ-12086,SO-45123,DN-3549,Zimbabwe,PMO - US,From RDC,N/A - From RDC,Truck,4/19/13,N/A - From RDC,31-Mar-14,11-Feb-14,4-Mar-14,ARV,Pediatric,SCMS from RDC,"Efavirenz 200mg, scored tablets, 90 Tabs",Efavirenz,Generic,200mg,Tablet,90,266,2473.8,9.3,0.1,"Strides, Bangalore, India.",Yes,17,1200,3.06
10989,126-NG-T01,Pre-PQ Process,SO-10780,DN-871,Nigeria,PMO - US,From RDC,N/A - From RDC,Air,Pre-PQ Process,N/A - From RDC,25-Aug-08,25-Aug-08,25-Aug-08,ARV,Adult,SCMS from RDC,"Nevirapine 200mg, tablets, 60 Tabs",Nevirapine,Generic,200mg,Tablet,60,35400,120360.0,3.4,0.06,Hetero Unit III Hyderabad IN,Yes,1987,14931.8,192.58
12555,123-NG-T01,Pre-PQ Process,SO-2554,DN-960,Nigeria,PMO - US,From RDC,N/A - From RDC,Air,Pre-PQ Process,N/A - From RDC,30-Oct-08,30-Oct-08,30-Oct-08,ARV,Adult,SCMS from RDC,"Lamivudine/Zidovudine 150/300mg, tablets, 60 Tabs",Lamivudine/Zidovudine,Generic,150/300mg,Tablet - FDC,60,2708,25590.6,9.45,0.16,Mylan (formerly Matrix) Nashik,No,See DN-960 (ID#:11945),See DN-960 (ID#:11945),50.16
86490,110-ZM-T30,FPQ-9472,SO-41702,DN-2749,Zambia,PMO - US,From RDC,N/A - From RDC,Truck,3/8/12,N/A - From RDC,23-Aug-12,30-Jul-12,30-Jul-12,ARV,Adult,SCMS from RDC,"Emtricitabine/Tenofovir Disoproxil Fumarate 200/300mg, tablets, 30 Tabs",Emtricitabine/Tenofovir Disoproxil Fumarate,Generic,200/300mg,Tablet - FDC,30,125000,888750.0,7.11,0.24,"Aurobindo Unit III, India",No,See DN-2749 (ID#:84182),See DN-2749 (ID#:84182),1246.03
83657,113-ZW-T30,FPQ-10632,SO-43210,DN-3030,Zimbabwe,PMO - US,From RDC,N/A - From RDC,Truck,9/11/12,N/A - From RDC,14-Mar-13,14-Mar-13,14-Mar-13,ARV,Adult,SCMS from RDC,"Efavirenz 600mg, tablets, 30 Tabs",Efavirenz,Generic,600mg,Tablet,30,48960,163036.8,3.33,0.11,"Strides, Bangalore, India.",No,See DN-3030 (ID#:82549),See DN-3030 (ID#:82549),228.58
12753,111-MZ-T01,Pre-PQ Process,SO-1040,DN-487,Mozambique,PMO - US,From RDC,N/A - From RDC,Air,Pre-PQ Process,N/A - From RDC,8-Feb-08,8-Feb-08,8-Feb-08,ARV,Adult,SCMS from RDC,"Ritonavir 100mg [Norvir], capsules, cool, 84 Caps",Ritonavir,Norvir,100mg,Capsule,84,210,8055.6,38.36,0.46,ABBVIE (Abbott) Logis. UK,Yes,63,740.16,12.89
47923,113-ZW-T30,FPQ-3998,SCMS-50150,ASN-4753,Zimbabwe,PMO - US,Direct Drop,EXW,Air,7/14/09,7/25/09,7-Sep-09,7-Sep-09,7-Sep-09,HRDT,HIV test,"Orgenics, Ltd","HIV 1/2, Determine Complete HIV Kit, 100 Tests","HIV 1/2, Determine Complete HIV Kit",Determine,,Test kit,100,1000,72000.0,72.0,0.72,Inverness Japan,Yes,324,3791.81,141.12
10695,104-CI-T01,Pre-PQ Process,SO-791,DN-641,Côte d'Ivoire,PMO - US,From RDC,N/A - From RDC,,Pre-PQ Process,N/A - From RDC,3-Mar-08,3-Mar-08,3-Mar-08,HRDT,HIV test - Ancillary,SCMS from RDC,"HIV, Lancet, Safety, for HIV Test kits, 100 Pcs","HIV, Lancet, Safety, for HIV Test kits, 100 Pcs",Generic,,Test kit - Ancillary,100,1505,15.05,0.01,0.0,Inverness Japan,Yes,440,1759.4,0.02
82553,114-UG-T30,FPQ-11143,SO-43970,DN-3041,Uganda,PMO - US,From RDC,N/A - From RDC,Truck,12/13/12,N/A - From RDC,29-Mar-13,6-Mar-13,6-Mar-13,ARV,Pediatric,SCMS from RDC,"Lamivudine/Zidovudine 30/60mg, tablets, 60 Tabs",Lamivudine/Zidovudine,Generic,30/60mg,Tablet - FDC,60,1731,3912.06,2.26,0.04,Mylan (formerly Matrix) Nashik,Yes,76,936.81,4.84
83684,107-RW-T30,FPQ-11807,SO-44761,DN-3160,Rwanda,PMO - US,From RDC,N/A - From RDC,Air,3/6/13,N/A - From RDC,28-Jun-13,27-May-13,27-May-13,ARV,Pediatric,SCMS from RDC,"Zidovudine 10mg/ml, oral solution w/syringe, Bottle, 240 ml",Zidovudine,Generic,10mg/ml,Oral solution,240,1500,3150.0,2.1,0.01,"Aurobindo Unit III, India",Yes,575,4095.24,3.9
51440,113-ZW-T30,FPQ-13032,SCMS-210170,ASN-22818,Zimbabwe,PMO - US,Direct Drop,EXW,Air,9/24/13,10/18/13,9-Dec-13,9-Dec-13,10-Dec-13,HRDT,HIV test,"Orgenics, Ltd","HIV 1/2, Determine Complete HIV Kit, 100 Tests","HIV 1/2, Determine Complete HIV Kit",Determine,,Test kit,100,2000,160000.0,80.0,0.8,"Alere Medical Co., Ltd.",No,See ASN-22818 (ID#:39794),See ASN-22818 (ID#:39794),197.92
986,109-TZ-T01,Pre-PQ Process,SCMS-38380,ASN-3627,Tanzania,PMO - US,Direct Drop,FCA,Air,Pre-PQ Process,2/5/09,4-May-09,4-May-09,4-May-09,ARV,Pediatric,ABBVIE LOGISTICS (FORMERLY ABBOTT LOGISTICS BV),"Lopinavir/Ritonavir 100/25mg [Aluvia], tablets, 60 Tabs",Lopinavir/Ritonavir,Generic,100/25mg,Tablet,60,2094,21526.32,10.28,0.17,ABBVIE Ludwigshafen Germany,Yes,237,Freight Included in Commodity Cost,42.19
84256,111-MZ-T30,FPQ-11033,SO-43790,DN-3102,Mozambique,PMO - US,From RDC,N/A - From RDC,Truck,11/12/12,N/A - From RDC,1-Aug-13,1-Aug-13,1-Aug-13,ARV,Pediatric,SCMS from RDC,"Zidovudine 10mg/ml, oral solution w/syringe, Bottle, 240 ml",Zidovudine,Generic,10mg/ml,Oral solution,240,13603,28566.3,2.1,0.01,"Aurobindo Unit III, India",No,See DN-3102 (ID#:82573),See DN-3102 (ID#:82573),35.34
305,123-NG-T01,Pre-PQ Process,SCMS-15550,ASN-1269,Nigeria,PMO - US,Direct Drop,EXW,Air,Pre-PQ Process,Date Not Captured,5-Feb-08,5-Feb-08,5-Feb-08,HRDT,HIV test - Ancillary,"Orgenics, Ltd","HIV, Lancet, Safety, for HIV Test kits, 100 Pcs","HIV, Lancet, Safety, for HIV Test kits, 100 Pcs",Generic,,Test kit - Ancillary,100,650,6.5,0.01,0.0,Inverness Japan,Yes,Weight Captured Separately,Invoiced Separately,0.01
71712,106-HT-T30,FPQ-15102,SCMS-260780,ASN-31453,Haiti,PMO - US,Direct Drop,EXW,Air,10/10/14,11/5/14,5-May-15,22-Apr-15,23-Apr-15,HRDT,HIV test,"Orgenics, Ltd","HIV 1/2, Determine Complete HIV Kit, 100 Tests","HIV 1/2, Determine Complete HIV Kit",Determine,,Test kit,100,5698,569800.0,100.0,1.0,"Alere Medical Co., Ltd.",Yes,2314,22194.09,670.65
11042,114-UG-T01,Pre-PQ Process,SO-26151,DN-1224,Uganda,PMO - US,From RDC,N/A - From RDC,Air,Pre-PQ Process,N/A - From RDC,22-May-09,22-May-09,22-May-09,ARV,Adult,SCMS from RDC,"Lamivudine 150mg, tablets, 60 Tabs",Lamivudine,Generic,150mg,Tablet,60,90,219.6,2.44,0.04,"Aurobindo Unit III, India",Yes,5,537.32,0.43
51775,108-VN-T30,FPQ-13034,SCMS-210040,ASN-24696,Vietnam,PMO - US,Direct Drop,FCA,Air,10/4/13,10/10/13,7-Apr-14,7-Apr-14,7-Apr-14,ARV,Adult,ABBVIE LOGISTICS (FORMERLY ABBOTT LOGISTICS BV),"Lopinavir/Ritonavir 200/50mg [Aluvia], tablets, 120 Tabs",Lopinavir/Ritonavir,Aluvia,200/50mg,Tablet,120,7031,427625.42,60.82,0.51,ABBVIE Ludwigshafen Germany,Yes,1720,5324.08,528.97
82668,107-RW-T30,FPQ-12766,SO-46485,DN-3642,Rwanda,PMO - US,From RDC,N/A - From RDC,Truck,8/2/13,N/A - From RDC,5-May-14,6-Jun-14,20-Jun-14,ARV,Adult,SCMS from RDC,"Lamivudine/Tenofovir Disoproxil Fumarate 300/300mg, tablets, 30 Tabs",Lamivudine/Tenofovir Disoproxil Fumarate,Generic,300/300mg,Tablet - FDC,30,2381,11047.84,4.64,0.15,"Cipla, Kurkumbh, India",Yes,3703,8469.67,13.67
46502,108-VN-T30,FPQ-10811,SCMS-164680,ASN-18664,Vietnam,PMO - US,Direct Drop,EXW,Air,10/15/12,11/7/12,2-Apr-13,2-Apr-13,2-Apr-13,ARV,Adult,HETERO LABS LIMITED,"Lamivudine/Zidovudine 150/300mg, tablets, 60 Tabs",Lamivudine/Zidovudine,Generic,150/300mg,Tablet - FDC,60,24377,170639.0,7.0,0.12,Hetero Unit III Hyderabad IN,No,See ASN-18664 (ID#:19406),See ASN-18664 (ID#:19406),211.08
35813,105-GY-T30,FPQ-5472,SCMS-71680,ASN-6934,Guyana,PMO - US,Direct Drop,FCA,Air,4/15/10,4/23/10,12-Jun-10,12-Jun-10,12-Jun-10,ARV,Pediatric,ABBVIE LOGISTICS (FORMERLY ABBOTT LOGISTICS BV),"Lopinavir/Ritonavir 80/20mg/ml [Kaletra], oral solution, cool, Bottle 5 x 60 ml",Lopinavir/Ritonavir,Kaletra,80/20mg/ml,Oral solution,300,141,11590.2,82.2,0.27,ABBVIE (Abbott) Logis. UK,Yes,225,1831.83,24.99
7055,116-ZA-T01,Pre-PQ Process,SCMS-21460,ASN-1667,South Africa,PMO - US,Direct Drop,DDP,,Pre-PQ Process,4/4/08,25-Apr-08,7-Apr-08,7-Apr-08,ARV,Pediatric,S. BUYS WHOLESALER,"Didanosine 100mg [Videx],chewable tablets, 60 Tabs",Didanosine,Videx,100mg,Chewable/dispersible tablet,60,6,81.66,13.61,0.23,"BMS Meymac, France",No,Weight Captured Separately,Freight Included in Commodity Cost,0.13
12242,104-CI-T01,Pre-PQ Process,SO-21841,DN-1098,Côte d'Ivoire,PMO - US,From RDC,N/A - From RDC,Air,Pre-PQ Process,N/A - From RDC,27-Feb-09,27-Feb-09,27-Feb-09,ARV,Pediatric,SCMS from RDC,"Nevirapine 10mg/ml, oral suspension, Bottle, 240 ml",Nevirapine,Generic,10mg/ml,Oral suspension,240,2976,5713.92,1.92,0.01,"Aurobindo Unit III, India",Yes,209,5463.97,11.2
86032,104-CI-T30,FPQ-12800,SO-46350,DN-3504,Côte d'Ivoire,PMO - US,From RDC,N/A - From RDC,Air,8/9/13,N/A - From RDC,31-Jan-14,18-Jan-14,4-Mar-14,ARV,Pediatric,SCMS from RDC,"Lamivudine/Zidovudine 30/60mg, tablets, 60 Tabs",Lamivudine/Zidovudine,Generic,30/60mg,Tablet - FDC,60,12000,27120.0,2.26,0.04,Mylan (formerly Matrix) Nashik,No,See DN-3504 (ID#:84884),See DN-3504 (ID#:84884),33.55
37040,116-ZA-T30,FPQ-3596,SCMS-50360,ASN-5454,South Africa,PMO - US,Direct Drop,DDP,Truck,5/7/09,9/22/09,27-Oct-09,27-Oct-09,27-Oct-09,ARV,Adult,S. BUYS WHOLESALER,"Nevirapine 200mg [Viramune], tablets, 60 Tabs",Nevirapine,Viramune,200mg,Tablet,60,5000,101541.09,20.31,0.34,"Boehringer Ing., Koropi, GR",Yes,Weight Captured Separately,Freight Included in Commodity Cost,199.02
65699,104-CI-T30,FPQ-8302,SCMS-124780,ASN-13202,Côte d'Ivoire,PMO - US,Direct Drop,FCA,Air,8/29/11,11/18/11,22-Dec-11,22-Dec-11,22-Dec-11,ARV,Adult,ABBVIE LOGISTICS (FORMERLY ABBOTT LOGISTICS BV),"Lopinavir/Ritonavir 200/50mg [Aluvia], tablets, 120 Tabs",Lopinavir/Ritonavir,Aluvia,200/50mg,Tablet,120,28000,862960.0,30.82,0.26,ABBVIE Ludwigshafen Germany,Yes,7025,46002.44,1423.88
19282,116-ZA-T30,FPQ-3560,SCMS-50950,ASN-5006,South Africa,PMO - US,Direct Drop,DDP,Truck,5/7/09,8/3/09,3-Sep-09,3-Sep-09,3-Sep-09,ARV,Adult,S. BUYS WHOLESALER,"Tenofovir Disoproxil Fumarate 300mg [Viread], tablets, 30 Tabs",Tenofovir Disoproxil Fumarate,Viread,300mg,Tablet,30,800,21392.98,26.74,0.89,"Aspen-OSD, Port Elizabeth, SA",Yes,Weight Captured Separately,Freight Included in Commodity Cost,41.93
30788,103-ZW-T30,FPQ-12094,SCMS-186820,ASN-21834,Zimbabwe,PMO - US,Direct Drop,FCA,Air,4/19/13,4/25/13,24-Oct-13,24-Oct-13,24-Oct-13,ARV,Pediatric,LAWRENCE LABORATORIES (SUBSIDIARY OF BRISTOL MYERS SQUIBB),"Didanosine 25mg [Videx], chewable tablets, 60 Tabs",Didanosine,Videx,25mg,Chewable/dispersible tablet,60,747,5229.0,7.0,0.12,Bristol-Myers Squibb Anagni IT,Yes,169,2387.62,6.47
47233,116-ZA-T30,FPQ-12522,SCMS-199283,ASN-27980,South Africa,PMO - US,Direct Drop,DDP,Truck,7/11/13,8/27/14,27-Aug-14,27-Aug-14,27-Aug-14,ARV,Adult,S. BUYS WHOLESALER,"Emtricitabine/Tenofovir Disoproxil Fumarate 200/300mg, tablets, 30 Tabs",Emtricitabine/Tenofovir Disoproxil Fumarate,Generic,200/300mg,Tablet - FDC,30,11,370.96,33.72,1.12,"Aurobindo Unit III, India",No,Weight Captured Separately,Freight Included in Commodity Cost,0.46
61664,102-KE-T30,FPQ-9100,SCMS-133470,ASN-13945,Kenya,PMO - US,Direct Drop,EXW,Air,1/9/12,2/1/12,22-Mar-12,22-Mar-12,22-Mar-12,HRDT,HIV test,"Orgenics, Ltd","HIV 1/2, Determine Complete HIV Kit, 100 Tests","HIV 1/2, Determine Complete HIV Kit",Determine,,Test kit,100,7982,710398.0,89.0,0.89,"Alere Medical Co., Ltd.",Yes,2278,31382.03,995.98
84415,107-RW-T30,FPQ-14111,SO-48770,DN-3948,Rwanda,PMO - US,From RDC,N/A - From RDC,Air,4/22/14,N/A - From RDC,15-Oct-14,14-Oct-14,20-Oct-14,ARV,Pediatric,SCMS from RDC,"Abacavir/Lamivudine 60/30mg, dispersible tablets, 60 Tabs",Abacavir/Lamivudine,Generic,60/30mg,Chewable/dispersible tablet - FDC,60,8953,45570.77,5.09,0.08,"Cipla, Patalganga, India",Yes,805,6220.48,46.85
27670,114-UG-T30,FPQ-12273,SCMS-198550,ASN-21516,Uganda,PMO - US,Direct Drop,EXW,Air,7/8/13,8/12/13,30-Sep-13,30-Sep-13,30-Sep-13,HRDT,HIV test,BIO-RAD LABORATORIES (FRANCE),"HIV 1/2, Genie III Kit, 50 Tests","HIV 1/2, Genie III Kit",Genie,,Test kit,50,15,1363.65,90.91,1.82,Bio-Rad Laboratories,Yes,8,855.41,1.69
84103,104-CI-T30,FPQ-6891,SO-38571,DN-2296,Côte d'Ivoire,PMO - US,From RDC,N/A - From RDC,Air,12/21/10,N/A - From RDC,22-Jul-11,22-Jul-11,22-Jul-11,ARV,Adult,SCMS from RDC,"Abacavir/Lamivudine 600/300mg, scored tablets, 30 Tabs",Abacavir/Lamivudine,Generic,600/300mg,Tablet - FDC,30,1571,35347.5,22.5,0.75,Mylan (formerly Matrix) Nashik,Yes,151,3545.1,58.32
46395,116-ZA-T30,FPQ-13214,SCMS-215430,ASN-23608,South Africa,PMO - US,Direct Drop,DDP,Truck,11/14/13,12/2/13,9-Dec-13,9-Dec-13,20-Dec-13,ARV,Pediatric,S. BUYS WHOLESALER,"Lopinavir/Ritonavir 80/20mg/ml [Kaletra], oral solution, cool, Bottle 5 x 60 ml",Lopinavir/Ritonavir,Kaletra,80/20mg/ml,Oral solution,300,4,92.5,23.12,0.08,ABBVIE (Abbott) Logis. UK,Yes,Weight Captured Separately,Freight Included in Commodity Cost,0.1
83592,114-UG-T30,FPQ-9875,SO-42070,DN-2676,Uganda,PMO - US,From RDC,N/A - From RDC,Truck,5/9/12,N/A - From RDC,4-Jul-12,8-Jun-12,8-Jun-12,ARV,Adult,SCMS from RDC,"Nevirapine 200mg, tablets, 60 Tabs",Nevirapine,Generic,200mg,Tablet,60,8333,20332.52,2.44,0.04,"Strides, Bangalore, India.",Yes,479,4358.72,28.51
12800,111-MZ-T01,Pre-PQ Process,SO-1615,DN-698,Mozambique,PMO - US,From RDC,N/A - From RDC,Air,Pre-PQ Process,N/A - From RDC,23-Jun-08,23-Jun-08,23-Jun-08,ARV,Adult,SCMS from RDC,"Efavirenz 600mg, tablets, 30 Tabs",Efavirenz,Generic,600mg,Tablet,30,2500,31050.0,12.42,0.41,"Aurobindo Unit III, India",No,See DN-698 (ID#:10970),See DN-698 (ID#:10970),49.68
1691,108-VN-T01,Pre-PQ Process,SCMS-20180,ASN-1860,Vietnam,PMO - US,Direct Drop,EXW,Air,Pre-PQ Process,3/31/08,7-Jul-08,20-Jun-08,20-Jun-08,ARV,Adult,Aurobindo Pharma Limited,"Lamivudine 150mg, tablets, 60 Tabs",Lamivudine,Generic,150mg,Tablet,60,10080,29232.0,2.9,0.05,"Aurobindo Unit III, India",Yes,507,4159.45,46.77
11865,131-NG-T01,Pre-PQ Process,SO-2664,DN-750,Nigeria,PMO - US,From RDC,N/A - From RDC,Air,Pre-PQ Process,N/A - From RDC,27-May-08,27-May-08,27-May-08,ARV,Adult,SCMS from RDC,"Lamivudine/Nevirapine/Zidovudine 150/200/300mg, tablets, 60 Tabs",Lamivudine/Nevirapine/Zidovudine,Generic,150/300/200mg,Tablet - FDC,60,16610,220580.8,13.28,0.22,"Aurobindo Unit III, India",Yes,1832,11815.12,352.93
11940,109-TZ-T01,Pre-PQ Process,SO-2565,DN-853,Tanzania,PMO - US,From RDC,N/A - From RDC,Air,Pre-PQ Process,N/A - From RDC,29-Aug-08,29-Aug-08,29-Aug-08,ARV,Adult,SCMS from RDC,"Lamivudine/Nevirapine/Stavudine 150/200/30mg, tablets, 60 Tabs",Lamivudine/Nevirapine/Stavudine,Generic,150/200/30mg,Tablet - FDC,60,2011,14881.4,7.4,0.12,"Cipla, Goa, India",Yes,6650,36855.6,23.81
83053,151-NG-T30,FPQ-9432,SO-41681,DN-2727,Nigeria,PMO - US,From RDC,N/A - From RDC,Air Charter,3/1/12,N/A - From RDC,2-Aug-12,9-Jul-12,9-Jul-12,ARV,Adult,SCMS from RDC,"Nevirapine 200mg, tablets, 60 Tabs",Nevirapine,Generic,200mg,Tablet,60,99999,243997.56,2.44,0.04,Mylan (formerly Matrix) Nashik,Yes,13437,21347.12,342.08
36871,108-VN-T30,FPQ-10287,SCMS-156260,ASN-17696,Vietnam,PMO - US,Direct Drop,EXW,Air,7/25/12,8/15/12,30-Jan-13,30-Jan-13,30-Jan-13,ARV,Pediatric,MICRO LABS LIMITED,"Efavirenz 200mg, capsule, 90 Caps",Efavirenz,Generic,200mg,Capsule,90,702,3102.84,4.42,0.05,"Micro labs, Verna, Goa, India",No,See ASN-17696 (ID#:31712),See ASN-17696 (ID#:31712),4.35
75925,901-CM-T30,FPQ-12528,SCMS-196520,ASN-21946,Cameroon,PMO - US,Direct Drop,EXW,Air,6/21/13,7/1/13,9-Nov-13,9-Nov-13,13-Nov-13,ARV,Adult,HETERO LABS LIMITED,"Efavirenz/Lamivudine/Tenofovir Disoproxil Fumarate 600/300/300mg, tablets, 30 Tabs",Efavirenz/Lamivudine/Tenofovir Disoproxil Fumarate,Generic,600/300/300mg,Tablet - FDC,30,82471,865945.5,10.5,0.35,Hetero Unit III Hyderabad IN,Yes,11615,102199.13,1071.17
43970,109-TZ-T30,FPQ-6203,SCMS-82770,ASN-8625,Tanzania,PMO - US,Direct Drop,EXW,Ocean,8/18/10,8/25/10,29-Dec-10,29-Dec-10,29-Dec-10,ARV,Adult,MYLAN LABORATORIES LTD (FORMERLY MATRIX LABORATORIES),"Efavirenz/Emtricitabine/Tenofovir Disoproxil Fumarate 600/200/300mg, tablets, 30 Tabs",Efavirenz/Emtricitabine/Tenofovir Disoproxil Fumarate,Generic,600/200/300mg,Tablet - FDC,30,53149,1057665.1,19.9,0.66,Mylan (formerly Matrix) Nashik,Yes,5803,27478.63,2280.33
55322,161-ZA-T30,FPQ-5303,SCMS-68940,ASN-8124,South Africa,PMO - US,Direct Drop,DDP,Air,3/18/10,3/19/10,7-Sep-10,27-Oct-10,27-Oct-10,ARV,Adult,Aurobindo Pharma Limited,"Efavirenz 600mg, tablets, 30 Tabs",Efavirenz,Generic,600mg,Tablet,30,31680,147945.6,4.67,0.16,"Aurobindo Unit III, India",Yes,2970,4263.07,318.97
65548,161-ZA-T30,FPQ-7175,SCMS-103510,ASN-12171,South Africa,PMO - US,Direct Drop,DDP,Ocean,3/10/11,3/24/11,10-Oct-11,25-Oct-11,25-Oct-11,ARV,Adult,Aurobindo Pharma Limited,"Efavirenz 600mg, tablets, 30 Tabs",Efavirenz,Generic,600mg,Tablet,30,70,315.7,4.51,0.15,"Aurobindo Unit III, India",Yes,6,9951.38,0.52
23159,108-VN-T30,FPQ-5899,SCMS-77170,ASN-7779,Vietnam,PMO - US,Direct Drop,FCA,Air,6/23/10,7/1/10,6-Sep-10,6-Sep-10,6-Sep-10,ARV,Adult,ABBVIE LOGISTICS (FORMERLY ABBOTT LOGISTICS BV),"Ritonavir 100mg [Norvir], capsules, cool, 4 x 84 Caps",Ritonavir,Norvir,100mg,Capsule,336,24,7365.12,306.88,0.91,ABBVIE (Abbott) Logis. UK,Yes,60,3981.97,15.88
12892,123-NG-T01,Pre-PQ Process,SO-24480,DN-1276,Nigeria,PMO - US,From RDC,N/A - From RDC,Air Charter,Pre-PQ Process,N/A - From RDC,16-Jun-09,16-Jun-09,16-Jun-09,ARV,Adult,SCMS from RDC,"Indinavir 400mg [Crixivan], capsules, 180 Caps",Indinavir,Crixivan,400mg,Capsule,180,400,20000.0,50.0,0.28,"MSD, Haarlem, NL",Yes,89,7329.83,39.2
86588,151-NG-T30,FPQ-11771,SO-44758,DN-3252,Nigeria,PMO - US,From RDC,N/A - From RDC,Air Charter,2/28/13,N/A - From RDC,21-Aug-13,30-Jul-13,30-Jul-13,ARV,Pediatric,SCMS from RDC,"Lamivudine/Nevirapine/Zidovudine 30/50/60mg, dispersible tablets, 60 Tabs",Lamivudine/Nevirapine/Zidovudine,Generic,30/50/60mg,Chewable/dispersible tablet - FDC,60,38705,160625.75,4.15,0.07,Mylan (formerly Matrix) Nashik,Yes,2352,Freight Included in Commodity Cost,198.69
46227,116-ZA-T30,FPQ-12522,SCMS-199289,ASN-28034,South Africa,PMO - US,Direct Drop,DDP,Truck,7/11/13,8/29/14,29-Aug-14,29-Aug-14,29-Aug-14,ARV,Pediatric,S. BUYS WHOLESALER,"Abacavir 20mg/ml, oral solution w/syringe, Bottle, 240 ml",Abacavir,Generic,20mg/ml,Oral solution,240,124,3352.74,27.04,0.11,"Aurobindo Unit III, India",No,Weight Captured Separately,Freight Included in Commodity Cost,4.15
35067,133-NG-T30,FPQ-10765,SCMS-162440,ASN-17527,Nigeria,PMO - US,Direct Drop,EXW,Air,10/5/12,10/16/12,9-Jan-13,9-Jan-13,9-Jan-13,HRDT,HIV test,"Orgenics, Ltd","HIV 1/2, Determine Complete HIV Kit, 100 Tests","HIV 1/2, Determine Complete HIV Kit",Determine,,Test kit,100,2744,244216.0,89.0,0.89,"Alere Medical Co., Ltd.",Yes,1186,24927.19,342.39
84602,111-MZ-T30,FPQ-6426,SO-37590,DN-2051,Mozambique,PMO - US,From RDC,N/A - From RDC,Truck,9/23/10,N/A - From RDC,20-Dec-10,23-Dec-10,23-Dec-10,ARV,Adult,SCMS from RDC,"Lamivudine/Nevirapine/Stavudine 150/200/30mg, tablets, 60 Tabs",Lamivudine/Nevirapine/Stavudine,Generic,150/200/30mg,Tablet - FDC,60,30000,162900.0,5.43,0.09,"Cipla, Goa, India",No,See DN-2051 (ID#:82359),See DN-2051 (ID#:82359),351.21
33019,116-ZA-T30,FPQ-12523,SCMS-199310,ASN-29450,South Africa,PMO - US,Direct Drop,DDP,Truck,7/12/13,8/13/13,19-Nov-14,19-Nov-14,19-Nov-14,ARV,Adult,S. BUYS WHOLESALER,"Darunavir 300mg [Prezista], tablets, 120 Tabs",Darunavir,Prezista,300mg,Tablet,120,76,5844.58,76.9,0.64,"Janssen-Cilag, Latina, IT",Yes,Weight Captured Separately,Freight Included in Commodity Cost,7.23
84095,100-BJ-T30,FPQ-7658,SO-39800,DN-2252,Benin,PMO - US,From RDC,N/A - From RDC,Air,5/15/11,N/A - From RDC,13-Jun-11,5-Jul-11,5-Jul-11,ARV,Adult,SCMS from RDC,"Lamivudine/Nevirapine/Stavudine 150/200/30mg, tablets, 60 Tabs",Lamivudine/Nevirapine/Stavudine,Generic,150/200/30mg,Tablet - FDC,60,14770,79462.6,5.38,0.09,"Cipla, Goa, India",Yes,2192,10829.6,131.11
12823,130-NG-T01,Pre-PQ Process,SO-10660,DN-1011,Nigeria,PMO - US,From RDC,N/A - From RDC,Air,Pre-PQ Process,N/A - From RDC,20-Nov-08,20-Nov-08,20-Nov-08,ARV,Adult,SCMS from RDC,"Lamivudine/Stavudine 150/30mg, tablets, 60 Tabs",Lamivudine/Stavudine,Generic,150/30mg,Tablet - FDC,60,1152,4492.8,3.9,0.06,Mylan (formerly Matrix) Nashik,Yes,85,1266.05,8.81
37475,108-VN-T30,FPQ-10287,SCMS-156281,ASN-17806,Vietnam,PMO - US,Direct Drop,EXW,Air,7/25/12,8/14/12,2-Feb-13,2-Feb-13,2-Feb-13,ARV,Pediatric,MYLAN LABORATORIES LTD (FORMERLY MATRIX LABORATORIES),"Lamivudine/Zidovudine 30/60mg, tablets, 60 Tabs",Lamivudine/Zidovudine,Generic,30/60mg,Tablet - FDC,60,3434,7726.5,2.25,0.04,Mylan (formerly Matrix) Nashik,Yes,876,2183.92,10.83
85475,111-MZ-T30,FPQ-13123,SO-47091,DN-3696,Mozambique,PMO - US,From RDC,N/A - From RDC,Truck,10/21/13,N/A - From RDC,31-Jul-14,5-Sep-14,8-Sep-14,ARV,Adult,SCMS from RDC,"Lopinavir/Ritonavir 200/50mg [Aluvia], tablets, 120 Tabs",Lopinavir/Ritonavir,Aluvia,200/50mg,Tablet,120,12800,241920.0,18.9,0.16,ABBVIE Ludwigshafen Germany,Yes,2844,4853.84,248.69
11741,109-TZ-T01,Pre-PQ Process,SO-769,DN-275,Tanzania,PMO - US,From RDC,N/A - From RDC,Air,Pre-PQ Process,N/A - From RDC,22-Aug-07,22-Aug-07,22-Aug-07,ARV,Adult,SCMS from RDC,"Nevirapine 200mg, tablets, 60 Tabs",Nevirapine,Generic,200mg,Tablet,60,11807,42150.99,3.57,0.06,"Aurobindo Unit III, India",Yes,1802,3267,67.44
12256,117-ET-T01,Pre-PQ Process,SO-22030,DN-1062,Ethiopia,PMO - US,From RDC,N/A - From RDC,Air,Pre-PQ Process,N/A - From RDC,4-Mar-09,4-Mar-09,4-Mar-09,ARV,Adult,SCMS from RDC,"Lamivudine/Nevirapine/Stavudine 150/200/30mg, tablets, 60 Tabs",Lamivudine/Nevirapine/Stavudine,Generic,150/200/30mg,Tablet - FDC,60,107556,765798.72,7.12,0.12,"Cipla, Goa, India",Yes,14450,14144.68,1500.97
82069,116-ZA-T30,FPQ-5535,SCMS-71370,ASN-7373,South Africa,PMO - US,Direct Drop,DDP,Truck,4/19/10,4/21/10,31-May-10,31-May-10,31-May-10,ARV,Adult,S. BUYS WHOLESALER,"Stavudine 30mg, capsules, 60 Caps",Stavudine,Generic,30mg,Capsule,60,2000,9240.04,4.62,0.08,"Aurobindo Unit III, India",No,Weight Captured Separately,Freight Included in Commodity Cost,19.92
14195,100-BJ-T30,FPQ-7660,SCMS-109830,ASN-11115,Benin,PMO - US,Direct Drop,EXW,Air,5/16/11,5/27/11,12-Jul-11,12-Jul-11,12-Jul-11,ARV,Adult,MYLAN LABORATORIES LTD (FORMERLY MATRIX LABORATORIES),"Efavirenz/Lamivudine/Tenofovir Disoproxil Fumarate 600/300/300mg, tablets, 30 Tabs",Efavirenz/Lamivudine/Tenofovir Disoproxil Fumarate,Generic,600/300/300mg,Tablet - FDC,30,1244,17540.4,14.1,0.47,Mylan (formerly Matrix) Nashik,Yes,175,5864.56,28.94
13138,133-NG-T30,FPQ-10765,SCMS-162440,ASN-17530,Nigeria,PMO - US,Direct Drop,EXW,Air,10/5/12,10/16/12,9-Jan-13,10-Jan-13,10-Jan-13,HRDT,HIV test,"Orgenics, Ltd","HIV 1/2, Determine Complete HIV Kit, 100 Tests","HIV 1/2, Determine Complete HIV Kit",Determine,,Test kit,100,2744,244216.0,89.0,0.89,"Alere Medical Co., Ltd.",Yes,1186,25193.28,342.39
79361,116-ZA-T30,FPQ-12522,SCMS-199289,ASN-28036,South Africa,PMO - US,Direct Drop,DDP,Truck,7/11/13,8/29/14,29-Aug-14,29-Aug-14,29-Aug-14,ARV,Pediatric,S. BUYS WHOLESALER,"Efavirenz 200mg, capsule, 90 Caps",Efavirenz,Generic,200mg,Capsule,90,75,1952.27,26.03,0.29,"Aurobindo Unit III, India",No,Weight Captured Separately,Freight Included in Commodity Cost,2.41
85276,900-UG-T30,FPQ-10048,SO-42580,DN-2724,Uganda,PMO - US,From RDC,N/A - From RDC,Air,6/6/12,N/A - From RDC,5-Jul-12,16-Jul-12,16-Jul-12,ARV,Adult,SCMS from RDC,"Nevirapine 200mg, tablets, 60 Tabs",Nevirapine,Generic,200mg,Tablet,60,36000,87840.0,2.44,0.04,"Aurobindo Unit III, India",No,See DN-2724 (ID#:82486),See DN-2724 (ID#:82486),123.15
6519,102-BW-T01,Pre-PQ Process,SCMS-45090,ASN-4215,Botswana,PMO - US,Direct Drop,EXW,Air,Pre-PQ Process,4/30/09,10-Jul-09,10-Jul-09,10-Jul-09,HRDT,HIV test,"Orgenics, Ltd","HIV 1/2, Determine HIV Kit, without Lancets, 100 Tests","HIV 1/2, Determine HIV Kit, without Lancets",Determine,,Test kit,100,1200,84000.0,70.0,0.7,Inverness Japan,Yes,274,3321.08,164.64
84173,151-NG-T30,FPQ-9432,SO-42332,DN-2687,Nigeria,PMO - US,From RDC,N/A - From RDC,Air Charter,3/1/12,N/A - From RDC,2-Aug-12,3-Jun-12,3-Jun-12,ARV,Adult,SCMS from RDC,"Efavirenz 600mg, tablets, 30 Tabs",Efavirenz,Generic,600mg,Tablet,30,32562,127317.42,3.91,0.13,"Strides, Bangalore, India.",No,See DN-2687 (ID#:82480),See DN-2687 (ID#:82480),178.5
83668,111-MZ-T30,FPQ-11033,SO-43771,DN-3078,Mozambique,PMO - US,From RDC,N/A - From RDC,Truck,11/12/12,N/A - From RDC,1-Jul-13,16-Apr-13,16-Apr-13,ARV,Adult,SCMS from RDC,"Lamivudine 150mg, tablets, 60 Tabs",Lamivudine,Generic,150mg,Tablet,60,2890,5751.1,1.99,0.03,Hetero Unit III Hyderabad IN,Yes,168,4120.69,7.11
12271,123-NG-T01,Pre-PQ Process,SO-22830,DN-1166,Nigeria,PMO - US,From RDC,N/A - From RDC,Air Charter,Pre-PQ Process,N/A - From RDC,8-May-09,8-May-09,8-May-09,ARV,Adult,SCMS from RDC,"Efavirenz 600mg, tablets, 30 Tabs",Efavirenz,Generic,600mg,Tablet,30,25000,275000.0,11.0,0.37,"Aurobindo Unit III, India",Yes,2267,15128.37,539.0
18762,116-ZA-T30,FPQ-11828,SCMS-183950,ASN-19166,South Africa,South Africa Field Office,Direct Drop,DDP,Truck,3/18/13,Date Not Captured,16-Apr-13,16-Apr-13,16-Apr-13,ARV,Adult,S. BUYS WHOLESALER,"Zidovudine 300mg, tablets, 60 Tabs",Zidovudine,Generic,300mg,Tablet,60,216,5512.38,25.52,0.43,"Aurobindo Unit III, India",No,Weight Captured Separately,Freight Included in Commodity Cost,6.82
37277,106-HT-T30,FPQ-12590,SCMS-210460,ASN-25570,Haiti,PMO - US,Direct Drop,EXW,Air,8/21/13,10/24/13,3-Jun-14,3-Jun-14,5-Jun-14,ARV,Pediatric,Aurobindo Pharma Limited,"Abacavir 20mg/ml, oral solution w/syringe, Bottle, 240 ml",Abacavir,Generic,20mg/ml,Oral solution,240,450,3073.5,6.83,0.03,"Aurobindo Unit III, India",Yes,180,1773.7,3.8
84710,104-CI-T30,FPQ-8363,SO-40820,DN-2551,Côte d'Ivoire,PMO - US,From RDC,N/A - From RDC,Truck,8/29/11,N/A - From RDC,2-Mar-12,24-Feb-12,24-Feb-12,ARV,Adult,SCMS from RDC,"Emtricitabine/Tenofovir Disoproxil Fumarate 200/300mg, tablets, 30 Tabs",Emtricitabine/Tenofovir Disoproxil Fumarate,Generic,200/300mg,Tablet - FDC,30,10760,94150.0,8.75,0.29,"Aurobindo Unit III, India",No,See DN-2551 (ID#:82452),See DN-2551 (ID#:82452),155.35
53327,102-ML-T30,FPQ-13391,SCMS-221930,ASN-24507,Mali,PMO - US,Direct Drop,EXW,Air,12/16/13,1/22/14,19-Mar-14,19-Mar-14,24-Mar-14,HRDT,HIV test,"Orgenics, Ltd","HIV 1/2, Determine Complete HIV Kit, 100 Tests","HIV 1/2, Determine Complete HIV Kit",Determine,,Test kit,100,431,34480.0,80.0,0.8,"Alere Medical Co., Ltd.",Yes,186,5346.38,35.45
25483,900-TG-T30,FPQ-15921,SCMS-278370,ASN-31081,Togo,PMO - US,Direct Drop,EXW,Air,2/18/15,2/27/15,23-Apr-15,23-Apr-15,1-Jun-15,ARV,Adult,HETERO LABS LIMITED,"Lamivudine/Tenofovir Disoproxil Fumarate 300/300mg, tablets, 30 Tabs",Lamivudine/Tenofovir Disoproxil Fumarate,Generic,300/300mg,Tablet - FDC,30,6678,30051.0,4.5,0.15,Hetero Unit III Hyderabad IN,Yes,734,3710.65,35.37
84738,151-NG-T30,FPQ-9432,SO-42930,DN-2791,Nigeria,PMO - US,From RDC,N/A - From RDC,Air Charter,3/1/12,N/A - From RDC,20-Aug-12,14-Aug-12,14-Aug-12,ARV,Adult,SCMS from RDC,"Lamivudine/Zidovudine 150/300mg, tablets, 60 Tabs",Lamivudine/Zidovudine,Generic,150/300mg,Tablet - FDC,60,12616,100928.0,8.0,0.13,Hetero Unit III Hyderabad IN,No,See DN-2791 (ID#:83064),See DN-2791 (ID#:83064),141.5
62164,116-ZA-T30,FPQ-4359,SCMS-54980,ASN-5372,South Africa,PMO - US,Direct Drop,DDP,Truck,10/8/09,10/15/09,21-Oct-09,21-Oct-09,21-Oct-09,ARV,Adult,S. BUYS WHOLESALER,"Zidovudine 300mg [Retrovir], tablets, 60 Tabs",Zidovudine,Retrovir,300mg,Tablet,60,300,4826.37,16.09,0.27,GSK Ware (UK),No,Weight Captured Separately,Freight Included in Commodity Cost,9.46
17697,108-VN-T30,FPQ-6384,SCMS-87770,ASN-9407,Vietnam,PMO - US,Direct Drop,EXW,Air,9/30/10,10/18/10,9-Feb-11,9-Feb-11,9-Feb-11,ARV,Adult,HETERO LABS LIMITED,"Lamivudine/Nevirapine/Stavudine 150/200/30mg, tablets, 60 Tabs",Lamivudine/Nevirapine/Stavudine,Generic,150/200/30mg,Tablet - FDC,60,19760,94848.0,4.8,0.08,Hetero Unit III Hyderabad IN,Yes,3998,12974.12,204.49
86373,114-UG-T30,FPQ-6614,SO-37970,DN-2145,Uganda,PMO - US,From RDC,N/A - From RDC,Air,10/31/10,N/A - From RDC,5-Apr-11,1-Apr-11,1-Apr-11,ARV,Adult,SCMS from RDC,"Nevirapine 200mg, tablets, 60 Tabs",Nevirapine,Generic,200mg,Tablet,60,972,2507.76,2.58,0.04,"Strides, Bangalore, India.",Yes,58,5596.5,4.14
80,107-RW-T01,Pre-PQ Process,SCMS-488,ASN-299,Rwanda,PMO - US,Direct Drop,EXW,Air,Pre-PQ Process,Date Not Captured,29-Mar-07,29-Mar-07,29-Mar-07,HRDT,HIV test,Premier Medical Corporation Ltd.,"HIV 1/2/O, First Response HIV 1-2.0, v.3.0 Cards Kit, 30 Tests","HIV 1/2/O, First Response HIV 1-2.0, v.3.0 Cards Kit",First Response,,Test kit,30,2000,33000.0,16.5,0.55,Premier Med. Corp Ltd. India,Yes,710,3120.7,
44612,108-VN-T30,FPQ-5317,SCMS-69730,ASN-8447,Vietnam,PMO - US,Direct Drop,EXW,Air,3/22/10,3/29/10,9-Nov-10,9-Nov-10,9-Nov-10,ARV,Adult,MYLAN LABORATORIES LTD (FORMERLY MATRIX LABORATORIES),"Efavirenz 600mg, tablets, 30 Tabs",Efavirenz,Generic,600mg,Tablet,30,40890,175827.0,4.3,0.14,Mylan (formerly Matrix) Nashik,Yes,3329,10455.35,379.08
83158,111-MZ-T30,FPQ-11884,SO-44864,DN-3302,Mozambique,PMO - US,From RDC,N/A - From RDC,Truck,3/19/13,N/A - From RDC,30-Sep-13,12-Oct-13,27-Nov-13,ARV,Adult,SCMS from RDC,"Tenofovir Disoproxil Fumarate 300mg, tablets, 30 Tabs",Tenofovir Disoproxil Fumarate,Generic,300mg,Tablet,30,1000,4040.0,4.04,0.13,Mylan (formerly Matrix) Nashik,Yes,63,569,5.0
39873,108-VN-T30,FPQ-13524,SCMS-226231,ASN-27131,Vietnam,PMO - US,Direct Drop,FCA,Air,2/6/14,5/27/14,16-Aug-14,16-Aug-14,25-Aug-14,ARV,Adult,ABBVIE LOGISTICS (FORMERLY ABBOTT LOGISTICS BV),"Lopinavir/Ritonavir 200/50mg [Aluvia], tablets, 120 Tabs",Lopinavir/Ritonavir,Aluvia,200/50mg,Tablet,120,5200,316264.0,60.82,0.51,ABBVIE Ludwigshafen Germany,Yes,1272,3824.06,325.12
12686,111-MZ-T01,Pre-PQ Process,SO-298,DN-304,Mozambique,PMO - US,From RDC,N/A - From RDC,Air,Pre-PQ Process,N/A - From RDC,21-Sep-07,21-Sep-07,21-Sep-07,ARV,Pediatric,SCMS from RDC,"Abacavir 20mg/ml, oral solution, Bottle, 240 ml",Abacavir,Generic,20mg/ml,Oral solution,240,59,1241.95,21.05,0.09,"Aurobindo Unit III, India",No,See DN-304 (ID#:10589),See DN-304 (ID#:10589),1.99
84075,104-CI-T30,FPQ-6499,SO-37730,DN-2158,Côte d'Ivoire,PMO - US,From RDC,N/A - From RDC,Air,10/4/10,N/A - From RDC,24-Mar-11,7-Jun-11,7-Jun-11,ARV,Adult,SCMS from RDC,"Efavirenz/Emtricitabine/Tenofovir Disoproxil Fumarate 600/200/300mg, tablets, 30 Tabs",Efavirenz/Emtricitabine/Tenofovir Disoproxil Fumarate,Generic,600/200/300mg,Tablet - FDC,30,11280,224697.6,19.92,0.66,Mylan (formerly Matrix) Nashik,Yes,1264,3380.35,370.75
85466,104-CI-T30,FPQ-13142,SO-47150,DN-3656,Côte d'Ivoire,PMO - US,From RDC,N/A - From RDC,Truck,10/22/13,N/A - From RDC,30-Apr-14,22-Apr-14,11-Jun-14,ARV,Pediatric,SCMS from RDC,"Abacavir/Lamivudine 60/30mg, dispersible tablets, 60 Tabs",Abacavir/Lamivudine,Generic,60/30mg,Chewable/dispersible tablet - FDC,60,11000,61930.0,5.63,0.09,"Cipla, Patalganga, India",No,See DN-3656 (ID#:84922),See DN-3656 (ID#:84922),63.66
85708,111-MZ-T30,FPQ-5127,SO-36020,DN-2014,Mozambique,PMO - US,From RDC,N/A - From RDC,Truck,2/15/10,N/A - From RDC,15-Oct-10,29-Oct-10,29-Oct-10,ARV,Adult,SCMS from RDC,"Lamivudine/Nevirapine/Zidovudine 150/200/300mg, tablets, 60 Tabs",Lamivudine/Nevirapine/Zidovudine,Generic,150/300/200mg,Tablet - FDC,60,48551,544742.22,11.22,0.19,Mylan (formerly Matrix) Nashik,Yes,15664,11884.42,1174.46
42243,116-ZA-T30,FPQ-14942,SCMS-259074,ASN-31070,South Africa,PMO - US,Direct Drop,DDP,Truck,9/11/14,3/9/15,9-Mar-15,9-Mar-15,9-Mar-15,ARV,Adult,PHARMACY DIRECT,"Emtricitabine/Tenofovir Disoproxil Fumarate 200/300mg, tablets, 30 Tabs",Emtricitabine/Tenofovir Disoproxil Fumarate,Generic,200/300mg,Tablet - FDC,30,9,196.47,21.83,0.73,"Aurobindo Unit III, India",No,Weight Captured Separately,Freight Included in Commodity Cost,0.2
11402,107-RW-T01,Pre-PQ Process,SO-240,DN-150,Rwanda,PMO - US,From RDC,N/A - From RDC,Air,Pre-PQ Process,N/A - From RDC,22-May-07,22-May-07,22-May-07,HRDT,HIV test,SCMS from RDC,"HIV 1/2, Capillus HIV Kit, 100 Tests","HIV 1/2, Capillus HIV Kit",Capillus,,Test kit,100,60,8340.0,139.0,1.39,"Trinity Biotech, Plc",No,See DN-150 (ID#:11401),See DN-150 (ID#:11401),
11636,106-HT-T01,Pre-PQ Process,SO-24840,DN-1221,Haiti,PMO - US,From RDC,N/A - From RDC,Air,Pre-PQ Process,N/A - From RDC,22-May-09,22-May-09,22-May-09,ARV,Adult,SCMS from RDC,"Stavudine 30mg, capsules, 60 Caps",Stavudine,Generic,30mg,Capsule,60,4860,7241.4,1.49,0.02,"Aurobindo Unit III, India",Yes,2034,23441.88,14.19
84689,110-ZM-T30,FPQ-8383,SO-40740,DN-2476,Zambia,PMO - US,From RDC,N/A - From RDC,Truck,9/11/11,N/A - From RDC,19-Jan-12,23-Dec-11,23-Dec-11,ARV,Adult,SCMS from RDC,"Emtricitabine/Tenofovir Disoproxil Fumarate 200/300mg, tablets, 30 Tabs",Emtricitabine/Tenofovir Disoproxil Fumarate,Generic,200/300mg,Tablet - FDC,30,113925,1021907.25,8.97,0.3,Mylan (formerly Matrix) Nashik,Yes,9875,14325.71,1686.15
6450,104-CI-T01,Pre-PQ Process,SCMS-42590,ASN-4326,Côte d'Ivoire,PMO - US,Direct Drop,EXW,Air,Pre-PQ Process,5/27/09,14-Jul-09,14-Jul-09,14-Jul-09,HRDT,HIV test,"Orgenics, Ltd","HIV 1/2, Determine HIV Kit, without Lancets, 100 Tests","HIV 1/2, Determine HIV Kit, without Lancets",Determine,,Test kit,100,800,56000.0,70.0,0.7,Inverness Japan,Yes,182,3272.6,109.76
86272,106-HT-T30,FPQ-4384,SO-35670,DN-1664,Haiti,PMO - US,From RDC,N/A - From RDC,Air,10/23/09,N/A - From RDC,10-Mar-10,3-Mar-10,3-Mar-10,ARV,Adult,SCMS from RDC,"Stavudine 30mg, capsules, 60 Caps",Stavudine,Generic,30mg,Capsule,60,3690,5387.4,1.46,0.02,"Strides, Bangalore, India.",Yes,177,6036.96,11.62
85202,109-TZ-T30,FPQ-6713,SO-38172,DN-2373,Tanzania,PMO - US,From RDC,N/A - From RDC,Truck,12/2/10,N/A - From RDC,3-Oct-11,23-Sep-11,23-Sep-11,ARV,Adult,SCMS from RDC,"Efavirenz/Emtricitabine/Tenofovir Disoproxil Fumarate 600/200/300mg, tablets, 30 Tabs",Efavirenz/Emtricitabine/Tenofovir Disoproxil Fumarate,Generic,600/200/300mg,Tablet - FDC,30,3428,68285.76,19.92,0.66,Mylan (formerly Matrix) Nashik,Yes,396,1047.17,112.67
12580,104-CI-T01,Pre-PQ Process,SO-27520,DN-1234,Côte d'Ivoire,PMO - US,From RDC,N/A - From RDC,Air,Pre-PQ Process,N/A - From RDC,11-Jun-09,11-Jun-09,11-Jun-09,ARV,Adult,SCMS from RDC,"Stavudine 15mg, capsules, 60 Caps",Stavudine,Generic,15mg,Capsule,60,560,840.0,1.5,0.02,"Aurobindo Unit III, India",No,See DN-1234 (ID#:11970),See DN-1234 (ID#:11970),1.65
10960,109-TZ-T01,Pre-PQ Process,SO-1695,DN-663,Tanzania,PMO - US,From RDC,N/A - From RDC,,Pre-PQ Process,N/A - From RDC,22-Apr-08,23-Apr-08,23-Apr-08,ARV,Adult,SCMS from RDC,"Lamivudine/Zidovudine 150/300mg, tablets, 60 Tabs",Lamivudine/Zidovudine,Generic,150/300mg,Tablet - FDC,60,51364,487958.0,9.5,0.16,"Aurobindo Unit III, India",Yes,5372,16430.72,780.73
37506,108-VN-T30,FPQ-4720,SCMS-62370,ASN-6189,Vietnam,PMO - US,Direct Drop,FCA,Air,1/4/09,1/11/10,22-Mar-10,22-Mar-10,22-Mar-10,ARV,Adult,ABBVIE LOGISTICS (FORMERLY ABBOTT LOGISTICS BV),"Lopinavir/Ritonavir 200/50mg [Aluvia], tablets, 120 Tabs",Lopinavir/Ritonavir,Aluvia,200/50mg,Tablet,120,4165,342363.0,82.2,0.68,ABBVIE Ludwigshafen Germany,Yes,1010,5417.87,738.13
35900,102-SZ-T30,FPQ-9926,SCMS-147790,ASN-15643,Swaziland,PMO - US,Direct Drop,EXW,Air,5/18/12,6/21/12,9-Aug-12,9-Aug-12,9-Aug-12,HRDT,HIV test,"Orgenics, Ltd","HIV 1/2, Determine Complete HIV Kit, 100 Tests","HIV 1/2, Determine Complete HIV Kit",Determine,,Test kit,100,135,10800.0,80.0,0.8,"Alere Medical Co., Ltd.",Yes,69,1626.1,15.14
11814,106-HT-T01,Pre-PQ Process,SO-1286,DN-458,Haiti,PMO - US,From RDC,N/A - From RDC,Air,Pre-PQ Process,N/A - From RDC,5-Dec-07,5-Dec-07,5-Dec-07,ARV,Adult,SCMS from RDC,"Lopinavir/Ritonavir 200/50mg [Aluvia], tablets, 120 Tabs",Lopinavir/Ritonavir,Aluvia,200/50mg,Tablet,120,100,4110.0,41.1,0.34,ABBVIE Ludwigshafen Germany,Yes,285,2523.6,6.58
19359,103-ZW-T30,FPQ-14477,SCMS-248220,ASN-27913,Zimbabwe,PMO - US,Direct Drop,EXW,Air,7/1/14,8/4/14,18-Sep-14,18-Sep-14,19-Sep-14,ARV,Pediatric,ABBVIE LOGISTICS (FORMERLY ABBOTT LOGISTICS BV),"Lopinavir/Ritonavir 80/20mg/ml [Kaletra], oral solution, cool, Bottle 5 x 60 ml",Lopinavir/Ritonavir,Kaletra,80/20mg/ml,Oral solution,300,2025,62410.5,30.82,0.1,ABBVIE (Abbott) Logis. UK,Yes,1902,16777.24,64.16
82299,104-CI-T30,FPQ-4659,SO-35561,DN-1681,Côte d'Ivoire,PMO - US,From RDC,N/A - From RDC,Air,12/8/09,N/A - From RDC,10-May-10,11-Mar-10,11-Mar-10,ARV,Pediatric,SCMS from RDC,"Didanosine 200mg, chewable/dispersible tablets, 60 Tabs",Didanosine,Generic,200mg,Chewable/dispersible tablet,60,260,4030.0,15.5,0.26,"Aurobindo Unit III, India",Yes,54,1042.58,8.69
85239,151-NG-T30,FPQ-8952,SO-41261,DN-2562,Nigeria,PMO - US,From RDC,N/A - From RDC,Air Charter,12/8/11,N/A - From RDC,20-Jun-12,16-Feb-12,16-Feb-12,ARV,Pediatric,SCMS from RDC,"Efavirenz 200mg, capsule, 90 Caps",Efavirenz,Generic,200mg,Capsule,90,1530,13571.1,8.87,0.1,"Aurobindo Unit III, India",Yes,233,25231.96,19.03
41232,106-HT-T30,FPQ-14083,SCMS-240170,ASN-27004,Haiti,PMO - US,Direct Drop,EXW,Air,5/11/14,6/2/14,25-Aug-14,25-Aug-14,28-Aug-14,ARV,Adult,HETERO LABS LIMITED,"Nevirapine 200mg, tablets, 60 Tabs",Nevirapine,Generic,200mg,Tablet,60,10050,21909.0,2.18,0.04,Hetero Unit III Hyderabad IN,Yes,659,5586.53,22.52
79747,161-ZA-T30,FPQ-7175,SCMS-104070,ASN-12034,South Africa,PMO - US,Direct Drop,DDP,Ocean,3/10/11,3/28/11,2-Nov-11,6-Dec-11,6-Dec-11,ARV,Adult,CIPLA LIMITED,"Nevirapine 200mg, tablets, 60 Tabs",Nevirapine,Generic,200mg,Tablet,60,50326,136886.72,2.72,0.05,"Cipla, Goa, India",Yes,Weight Captured Separately,Freight Included in Commodity Cost,225.86
86196,110-ZM-T30,FPQ-14784,SO-49601,DN-4250,Zambia,PMO - US,From RDC,N/A - From RDC,Truck,8/12/14,N/A - From RDC,29-May-15,15-May-15,15-May-15,ARV,Pediatric,SCMS from RDC,"Lamivudine/Zidovudine 30/60mg, dispersible tablets, 60 Tabs",Lamivudine/Zidovudine,Generic,30/60mg,Chewable/dispersible tablet - FDC,60,4000,7960.0,1.99,0.03,"Cipla, Goa, India",No,See DN-4250 (ID#:82799),See DN-4250 (ID#:82799),8.18
47233,116-ZA-T30,FPQ-12522,SCMS-199283,ASN-27980,South Africa,PMO - US,Direct Drop,DDP,Truck,7/11/13,8/27/14,27-Aug-14,27-Aug-14,27-Aug-14,ARV,Adult,S. BUYS WHOLESALER,"Emtricitabine/Tenofovir Disoproxil Fumarate 200/300mg, tablets, 30 Tabs",Emtricitabine/Tenofovir Disoproxil Fumarate,Generic,200/300mg,Tablet - FDC,30,11,370.96,33.72,1.12,"Aurobindo Unit III, India",No,Weight Captured Separately,Freight Included in Commodity Cost,0.46
11584,102-KE-T01,Pre-PQ Process,SO-11470,DN-991,Kenya,PMO - US,From RDC,N/A - From RDC,Truck,Pre-PQ Process,N/A - From RDC,31-Oct-08,31-Oct-08,31-Oct-08,HRDT,HIV test,SCMS from RDC,"HIV 1/2, Uni-Gold HIV Kit, 20 Tests","HIV 1/2, Uni-Gold HIV Kit",Uni-Gold,,Test kit,20,1250,40000.0,32.0,1.6,"Trinity Biotech, Plc",Yes,394,157.5,78.4
85602,107-RW-T30,FPQ-16284,SO-51540,DN-4327,Rwanda,PMO - US,From RDC,N/A - From RDC,Air,5/27/15,N/A - From RDC,18-Aug-15,6-Aug-15,11-Aug-15,ARV,Adult,SCMS from RDC,"Lamivudine/Nevirapine/Zidovudine 150/200/300mg, tablets, 60 Tabs",Lamivudine/Nevirapine/Zidovudine,Generic,150/300/200mg,Tablet - FDC,60,8998,72973.78,8.11,0.14,"Hetero, Jadcherla, unit 5, IN",No,See DN-4327 (ID#:83349),See DN-4327 (ID#:83349),85.89
11092,100-CI-T01,Pre-PQ Process,SO-373,DN-30,Côte d'Ivoire,PMO - US,From RDC,N/A - From RDC,,Pre-PQ Process,N/A - From RDC,15-Mar-07,15-Mar-07,15-Mar-07,ARV,Adult,SCMS from RDC,"Saquinavir 200mg [Invirase], capsules, 270 Caps",Saquinavir,Invirase,200mg,Capsule,270,482,37596.0,78.0,0.29,Roche Basel,No,See DN-30 (ID#:11091),See DN-30 (ID#:11091),
82958,100-GH-T30,FPQ-7799,SO-39940,DN-2259,Ghana,PMO - US,From RDC,N/A - From RDC,Air,6/6/11,N/A - From RDC,4-Jul-11,15-Jul-11,15-Jul-11,ARV,Adult,SCMS from RDC,"Lamivudine/Zidovudine 150/300mg, tablets, 60 Tabs",Lamivudine/Zidovudine,Generic,150/300mg,Tablet - FDC,60,29998,247783.48,8.26,0.14,"Aurobindo Unit III, India",Yes,3274,21881.71,408.84
13547,101-CD-T30,FPQ-14654,SCMS-253260,ASN-28279,"Congo, DRC",PMO - US,Direct Drop,EXW,Air,8/11/14,8/27/14,4-Nov-14,4-Nov-14,20-Nov-14,HRDT,HIV test,"Trinity Biotech, Plc","HIV 1/2, Uni-Gold HIV Kit, 20 Tests","HIV 1/2, Uni-Gold HIV Kit",Uni-Gold,,Test kit,20,77,2464.0,32.0,1.6,"Trinity Biotech, Plc",Yes,509,8021.11,2.53
2008,117-ET-T01,Pre-PQ Process,SCMS-28710,ASN-2576,Ethiopia,PMO - US,Direct Drop,EXW,Air,Pre-PQ Process,8/22/08,7-Oct-08,7-Oct-08,7-Oct-08,HRDT,HIV test,"SHANGHAI KEHUA BIOENGINEERING CO.,LTD.  (KHB)","HIV 1/2, SKB Colloidal Gold, Diagnostic Kit, Antibody, 50 Tests","HIV 1/2, Colloidal Gold, Diagnostic Kit, Antibody",Colloidal Gold,,Test kit,1,6998,160954.0,23.0,23.0,"KHB Test Kit Facility, Shanghai China",Yes,5057,44347.71,257.53
11692,151-NG-T01,Pre-PQ Process,SO-33333,DN-1483,Nigeria,PMO - US,From RDC,N/A - From RDC,Air,Date Not Captured,N/A - From RDC,18-Dec-09,18-Dec-09,18-Dec-09,ARV,Adult,SCMS from RDC,"Lamivudine/Nevirapine/Zidovudine 150/200/300mg, tablets, 60 Tabs",Lamivudine/Nevirapine/Zidovudine,Generic,150/300/200mg,Tablet - FDC,60,60840,693576.0,11.4,0.19,Mylan (formerly Matrix) Nashik,Yes,7663,33279.39,1495.35
14023,116-ZA-T30,FPQ-4359,SCMS-54980,ASN-5373,South Africa,PMO - US,Direct Drop,DDP,Truck,10/8/09,10/15/09,19-Oct-09,19-Oct-09,19-Oct-09,ARV,Pediatric,S. BUYS WHOLESALER,"Efavirenz 200mg, capsule, 90 Caps",Efavirenz,Generic,200mg,Capsule,90,100,3297.8,32.98,0.37,"Aurobindo Unit III, India",Yes,Weight Captured Separately,Freight Included in Commodity Cost,6.46
54513,116-ZA-T30,FPQ-4770,SCMS-60170,ASN-5934,South Africa,PMO - US,Direct Drop,DDP,Truck,12/17/09,12/23/09,28-Dec-09,28-Dec-09,28-Dec-09,ARV,Adult,S. BUYS WHOLESALER,"Lamivudine 150mg [Epivir], tablets, 60 Tabs",Lamivudine,Epivir,150mg,Tablet,60,3200,19098.79,5.97,0.1,GSK Cape Town Factory (South Africa),No,Weight Captured Separately,Freight Included in Commodity Cost,41.18
11046,100-SZ-T01,Pre-PQ Process,SO-30790,DN-1238,Swaziland,PMO - US,From RDC,N/A - From RDC,Air,Pre-PQ Process,N/A - From RDC,21-May-09,21-May-09,21-May-09,ARV,Adult,SCMS from RDC,"Tenofovir Disoproxil Fumarate 300mg, tablets, 30 Tabs",Tenofovir Disoproxil Fumarate,Generic,300mg,Tablet,30,1250,11250.0,9.0,0.3,Mylan (formerly Matrix) Nashik,Yes,1787,12798.04,22.05
83388,106-HT-T30,FPQ-4384,SO-34720,DN-1590,Haiti,PMO - US,From RDC,N/A - From RDC,Air Charter,10/23/09,N/A - From RDC,25-Dec-09,17-Dec-09,17-Dec-09,ARV,Pediatric,SCMS from RDC,"Efavirenz 30mg/ml [Stocrin/Sustiva], oral solution, Bottle, 180 ml",Efavirenz,Stocrin/Sustiva,30mg/ml,Oral solution,180,230,3900.8,16.96,0.09,"MSD, Haarlem, NL",Yes,132,8329.13,8.41
51763,116-ZA-T30,FPQ-11828,SCMS-183950,ASN-19166,South Africa,South Africa Field Office,Direct Drop,DDP,Truck,3/18/13,Date Not Captured,16-Apr-13,16-Apr-13,16-Apr-13,ARV,Adult,S. BUYS WHOLESALER,"Efavirenz 600mg, tablets, 30 Tabs",Efavirenz,Generic,600mg,Tablet,30,911,14646.84,16.08,0.54,"Cipla, Goa, India",No,Weight Captured Separately,Freight Included in Commodity Cost,18.12
27430,116-ZA-T30,FPQ-14942,SCMS-259075,ASN-32138,South Africa,PMO - US,Direct Drop,DDP,Truck,9/11/14,5/11/15,12-May-15,12-May-15,12-May-15,ARV,Adult,PHARMACY DIRECT,"Didanosine 250mg, delayed-release capsules, 30 Caps",Didanosine,Generic,250mg,Delayed-release capsules,30,3,33.05,11.02,0.37,"Aurobindo Unit III, India",No,Weight Captured Separately,Freight Included in Commodity Cost,0.03
85887,151-NG-T30,FPQ-9432,SO-42933,DN-2794,Nigeria,PMO - US,From RDC,N/A - From RDC,Air Charter,3/1/12,N/A - From RDC,20-Aug-12,14-Aug-12,14-Aug-12,ARV,Adult,SCMS from RDC,"Lopinavir/Ritonavir 200/50mg, tablets, 120 Tabs",Lopinavir/Ritonavir,Generic,200/50mg,Tablet,120,17497,512837.07,29.31,0.24,"Aurobindo Unit III, India",Yes,4898,18461.22,719.0
11572,112-NG-T01,Pre-PQ Process,SO-2729,DN-1008,Nigeria,PMO - US,From RDC,N/A - From RDC,Air,Pre-PQ Process,N/A - From RDC,17-Nov-08,17-Nov-08,17-Nov-08,ARV,Adult,SCMS from RDC,"Emtricitabine/Tenofovir Disoproxil Fumarate 200/300mg [Truvada], tablets, 30 Tabs",Emtricitabine/Tenofovir Disoproxil Fumarate,Truvada,300/200mg,Tablet - FDC,30,6,157.5,26.25,0.88,"Aspen-OSD, Port Elizabeth, SA",No,See DN-1008 (ID#:11570),See DN-1008 (ID#:11570),0.31
42334,102-SD-T30,FPQ-5293,SCMS-68640,ASN-6657,Sudan,PMO - US,Direct Drop,EXW,Air,3/15/10,3/24/10,7-May-10,7-May-10,7-May-10,HRDT,HIV test,"Standard Diagnostics, Inc.","HIV 1/2, Bioline 3.0 Kit, Lancets, Capillary pipets, Alcohol swabs included, 25 Tests","HIV 1/2, Bioline 3.0 Kit, Lancets, Capillary pipets, Alcohol swabs included",Bioline,,Test kit,25,60,1200.0,20.0,0.8,"Standard Diagnostics, Korea",Yes,353,3843.25,2.59
83091,104-CI-T30,FPQ-9749,SO-42372,DN-2932,Côte d'Ivoire,PMO - US,From RDC,N/A - From RDC,Truck,4/19/12,N/A - From RDC,15-Dec-12,26-Nov-12,26-Nov-12,ARV,Pediatric,SCMS from RDC,"Lamivudine/Zidovudine 30/60mg, tablets, 60 Tabs",Lamivudine/Zidovudine,Generic,30/60mg,Tablet - FDC,60,10080,27820.8,2.76,0.05,Mylan (formerly Matrix) Nashik,Yes,5466,19079.68,39.0
68515,104-CI-T30,FPQ-7325,SCMS-106570,ASN-11058,Côte d'Ivoire,PMO - US,Direct Drop,EXW,Air,3/9/11,5/5/11,17-Jun-11,17-Jun-11,17-Jun-11,HRDT,HIV test,"Standard Diagnostics, Inc.","HIV 1/2, Bioline 3.0 Kit, Lancets, Capillary pipets, Alcohol swabs included, 25 Tests","HIV 1/2, Bioline 3.0 Kit, Lancets, Capillary pipets, Alcohol swabs included",Bioline,,Test kit,25,1354,27080.0,20.0,0.8,"Standard Diagnostics, Korea",Yes,422,5054.68,44.68
84499,154-NG-T30,FPQ-3815,SO-32273,DN-1333,Nigeria,PMO - US,From RDC,N/A - From RDC,Air,5/26/09,N/A - From RDC,17-Sep-09,14-Sep-09,14-Sep-09,ARV,Adult,SCMS from RDC,"Lamivudine/Nevirapine/Stavudine 150/200/30mg, tablets, 60 Tabs",Lamivudine/Nevirapine/Stavudine,Generic,150/200/30mg,Tablet - FDC,60,45,315.0,7.0,0.12,"Strides, Bangalore, India.",No,See DN-1333 (ID#:82839),See DN-1333 (ID#:82839),0.62
533,116-ZA-T01,Pre-PQ Process,SCMS-23500,ASN-2293,South Africa,PMO - US,Direct Drop,DDP,Truck,Pre-PQ Process,Date Not Captured,20-Aug-08,8-May-08,8-May-08,ARV,Pediatric,S. BUYS WHOLESALER,"Stavudine 1mg/ml [Zerit], powder for oral solution, Bottle, 200 ml",Stavudine,Zerit,1mg/ml,Powder for oral solution,200,670,1025.1,1.53,0.01,"BMS Meymac, France",No,Weight Captured Separately,Freight Included in Commodity Cost,1.64
85833,151-NG-T30,FPQ-8364,SO-40664,DN-2560,Nigeria,PMO - US,From RDC,N/A - From RDC,Air Charter,8/29/11,N/A - From RDC,16-Mar-12,16-Feb-12,16-Feb-12,ARV,Adult,SCMS from RDC,"Lamivudine/Nevirapine/Zidovudine 150/200/300mg, tablets, 60 Tabs",Lamivudine/Nevirapine/Zidovudine,Generic,150/300/200mg,Tablet - FDC,60,240976,2703750.72,11.22,0.19,"Aurobindo Unit III, India",Yes,30789,25231.96,4461.19
20432,161-ZA-T30,FPQ-7175,SCMS-103390,ASN-12169,South Africa,PMO - US,Direct Drop,DDP,Ocean,3/10/11,3/24/11,10-Oct-11,3-Nov-11,3-Nov-11,ARV,Adult,Aurobindo Pharma Limited,"Efavirenz 600mg, tablets, 30 Tabs",Efavirenz,Generic,600mg,Tablet,30,106589,480716.39,4.51,0.15,"Aurobindo Unit III, India",Yes,9061,9323.3,793.18
84153,111-MZ-T30,FPQ-8157,SO-40381,DN-2590,Mozambique,PMO - US,From RDC,N/A - From RDC,Truck,8/4/11,N/A - From RDC,7-May-12,24-May-12,24-May-12,ARV,Adult,SCMS from RDC,"Lamivudine/Nevirapine/Zidovudine 150/200/300mg, tablets, 60 Tabs",Lamivudine/Nevirapine/Zidovudine,Generic,150/300/200mg,Tablet - FDC,60,14125,158482.5,11.22,0.19,Mylan (formerly Matrix) Nashik,No,See DN-2590 (ID#:83019),See DN-2590 (ID#:83019),261.5
84537,151-NG-T30,FPQ-4537,SO-35072,DN-1688,Nigeria,PMO - US,From RDC,N/A - From RDC,Air Charter,11/6/09,N/A - From RDC,19-Apr-10,31-Mar-10,31-Mar-10,ARV,Adult,SCMS from RDC,"Emtricitabine/Tenofovir Disoproxil Fumarate 200/300mg, tablets, 30 Tabs",Emtricitabine/Tenofovir Disoproxil Fumarate,Generic,200/300mg,Tablet - FDC,30,578,6791.5,11.75,0.39,Mylan (formerly Matrix) Nashik,Yes,47,Freight Included in Commodity Cost,14.64
25189,116-ZA-T30,FPQ-13973,SCMS-238556,ASN-31854,South Africa,PMO - US,Direct Drop,DDP,Truck,4/30/14,4/28/15,28-Apr-15,28-Apr-15,28-Apr-15,ARV,Adult,PHARMACY DIRECT,"Didanosine 250mg, delayed-release capsules, 30 Caps",Didanosine,Generic,250mg,Delayed-release capsules,30,4,60.98,15.24,0.51,"Aurobindo Unit III, India",No,Weight Captured Separately,Freight Included in Commodity Cost,0.06
16255,103-KE-T30,FPQ-10018,SCMS-149610,ASN-15367,Kenya,PMO - US,Direct Drop,EXW,Air,6/5/12,6/14/12,9-Jul-12,9-Jul-12,9-Jul-12,HRDT,HIV test,"Orgenics, Ltd","HIV 1/2, Determine Complete HIV Kit, 100 Tests","HIV 1/2, Determine Complete HIV Kit",Determine,,Test kit,100,7999,711911.0,89.0,0.89,"Alere Medical Co., Ltd.",Yes,1378,14842.19,998.1
414,119-NA-T01,Pre-PQ Process,SCMS-19130,ASN-1798,Namibia,PMO - US,Direct Drop,EXW,Air,Pre-PQ Process,3/18/08,4-Jun-08,4-Jun-08,4-Jun-08,HRDT,HIV test,"Orgenics, Ltd","HIV 1/2, Determine HIV Kit, without Lancets, 100 Tests","HIV 1/2, Determine HIV Kit, without Lancets",Determine,,Test kit,100,142,10222.58,71.99,0.72,Inverness Japan,Yes,33,1715.17,16.36
39606,111-MZ-T30,FPQ-4739,SCMS-62690,ASN-5953,Mozambique,PMO - US,Direct Drop,EXW,Air,12/10/09,1/8/10,23-Feb-10,23-Feb-10,23-Feb-10,HRDT,HIV test,"Trinity Biotech, Plc","HIV 1/2, Uni-Gold HIV Kit, 20 Tests","HIV 1/2, Uni-Gold HIV Kit",Uni-Gold,,Test kit,20,2360,75520.0,32.0,1.6,"Trinity Biotech, Plc",Yes,1636,21087.7,162.82
85318,102-ZW-T30,FPQ-9927,SO-43670,DN-2948,Zimbabwe,PMO - US,From RDC,N/A - From RDC,Truck,5/15/12,N/A - From RDC,13-Dec-12,13-Dec-12,13-Dec-12,ARV,Adult,SCMS from RDC,"Lamivudine/Zidovudine 150/300mg, tablets, 60 Tabs",Lamivudine/Zidovudine,Generic,150/300mg,Tablet - FDC,60,16971,131016.12,7.72,0.13,Hetero Unit III Hyderabad IN,Yes,1464,8000.72,183.68
9352,109-TZ-T01,Pre-PQ Process,SCMS-10350,ASN-1933,Tanzania,PMO - US,Direct Drop,EXW,Air,Pre-PQ Process,10/23/07,22-Jul-08,22-Jul-08,22-Jul-08,HRDT,HIV test,"Standard Diagnostics, Inc.","HIV 1/2, Bioline 3.0 Kit, Lancets, Capillary pipets, Alcohol swabs included, 25 Tests","HIV 1/2, Bioline 3.0 Kit, Lancets, Capillary pipets, Alcohol swabs included",Bioline,,Test kit,25,10000,200000.0,20.0,0.8,"Standard Diagnostics, Korea",Yes,3110,22663.18,320.0
84244,109-TZ-T30,FPQ-11393,SO-44381,DN-3101,Tanzania,PMO - US,From RDC,N/A - From RDC,Truck,12/30/12,N/A - From RDC,31-May-13,14-May-13,14-May-13,ARV,Pediatric,SCMS from RDC,"Lamivudine/Nevirapine/Stavudine 30/50/6mg, dispersible tablets, 60 Tabs",Lamivudine/Nevirapine/Stavudine,Generic,30/50/6mg,Chewable/dispersible tablet - FDC,60,11606,26693.8,2.3,0.04,"Cipla, Goa, India",No,See DN-3101 (ID#:83672),See DN-3101 (ID#:83672),33.02
83479,111-MZ-T30,FPQ-6981,SO-38350,DN-2094,Mozambique,PMO - US,From RDC,N/A - From RDC,Air,1/6/11,N/A - From RDC,28-Feb-11,25-Feb-11,25-Feb-11,ARV,Pediatric,SCMS from RDC,"Zidovudine 10mg/ml, oral solution, Bottle, 240 ml",Zidovudine,Generic,10mg/ml,Oral solution,240,1177,2377.54,2.02,0.01,"Aurobindo Unit III, India",Yes,512,3415.72,3.92
30728,116-ZA-T30,FPQ-4770,SCMS-60170,ASN-5934,South Africa,PMO - US,Direct Drop,DDP,Truck,12/17/09,12/23/09,28-Dec-09,28-Dec-09,28-Dec-09,ARV,Pediatric,S. BUYS WHOLESALER,"Efavirenz 200mg, capsule, 90 Caps",Efavirenz,Generic,200mg,Capsule,90,40,1303.06,32.58,0.36,"Aurobindo Unit III, India",No,Weight Captured Separately,Freight Included in Commodity Cost,2.81
76263,116-ZA-T30,FPQ-12522,SCMS-199289,ASN-28034,South Africa,PMO - US,Direct Drop,DDP,Truck,7/11/13,8/29/14,29-Aug-14,29-Aug-14,29-Aug-14,ARV,Pediatric,S. BUYS WHOLESALER,"Lopinavir/Ritonavir 100/25mg [Aluvia], tablets, 60 Tabs",Lopinavir/Ritonavir,Generic,100/25mg,Tablet,60,3,19.32,6.44,0.11,ABBVIE Ludwigshafen Germany,No,Weight Captured Separately,Freight Included in Commodity Cost,0.02
61190,108-VN-T30,FPQ-7427,SCMS-105530,ASN-11955,Vietnam,PMO - US,Direct Drop,EXW,Air,3/31/11,4/14/11,26-Sep-11,26-Sep-11,26-Sep-11,ARV,Adult,HETERO LABS LIMITED,"Lamivudine/Zidovudine 150/300mg, tablets, 60 Tabs",Lamivudine/Zidovudine,Generic,150/300mg,Tablet - FDC,60,10249,84041.8,8.2,0.14,Hetero Unit III Hyderabad IN,Yes,5495,23372.43,138.67
66205,106-HT-T30,FPQ-15038,SCMS-263050,ASN-31197,Haiti,PMO - US,Direct Drop,EXW,Air,10/22/14,12/24/14,26-Mar-15,26-Mar-15,26-Mar-15,ARV,Adult,EMCURE PHARMACEUTICALS LTD,"Atazanavir/Ritonavir 300/100mg, tablets, 30 Tabs",Atazanavir/Ritonavir,Generic,300/100mg,Tablet,30,1000,18000.0,18.0,0.6,"Emcure Plot No.P-2, I.T-B.T. Park, Phase II, MIDC, Hinjwadi, Pune, India",Yes,133,1604.56,18.5
11698,111-MZ-T01,Pre-PQ Process,SO-323,DN-15,Mozambique,PMO - US,From RDC,N/A - From RDC,Air,Pre-PQ Process,N/A - From RDC,1-Feb-07,1-Feb-07,1-Feb-07,ARV,Adult,SCMS from RDC,"Stavudine 15mg, capsules, 60 Caps",Stavudine,Generic,15mg,Capsule,60,3287,7724.45,2.35,0.04,"Aurobindo Unit III, India",No,See DN-15 (ID#:10804),See DN-15 (ID#:10804),
21953,103-SS-T30,FPQ-11382,SCMS-173320,ASN-18203,South Sudan,PMO - US,Direct Drop,EXW,Air,1/4/13,1/22/13,27-Mar-13,27-Mar-13,27-Mar-13,HRDT,HIV test,"Trinity Biotech, Plc","HIV 1/2, Uni-Gold HIV Kit, 20 Tests","HIV 1/2, Uni-Gold HIV Kit",Uni-Gold,,Test kit,20,324,10368.0,32.0,1.6,"Trinity Biotech, Plc",Yes,107,2231.97,12.83
85667,151-NG-T30,FPQ-4537,SO-35071,DN-1730,Nigeria,PMO - US,From RDC,N/A - From RDC,Air Charter,11/6/09,N/A - From RDC,19-Apr-10,31-Mar-10,31-Mar-10,ARV,Adult,SCMS from RDC,"Emtricitabine/Tenofovir Disoproxil Fumarate 200/300mg, tablets, 30 Tabs",Emtricitabine/Tenofovir Disoproxil Fumarate,Generic,200/300mg,Tablet - FDC,30,31000,364250.0,11.75,0.39,Mylan (formerly Matrix) Nashik,Yes,2501,Freight Included in Commodity Cost,785.32
62987,102-MW-T30,FPQ-11638,SCMS-179351,ASN-21682,Malawi,PMO - US,Direct Drop,EXW,Air,2/22/13,3/14/13,2-Oct-13,2-Oct-13,2-Oct-13,HRDT,HIV test,"Orgenics, Ltd","HIV 1/2, Determine Complete HIV Kit, 100 Tests","HIV 1/2, Determine Complete HIV Kit",Determine,,Test kit,100,154,12320.0,80.0,0.8,"Alere Medical Co., Ltd.",Yes,60,1619.3,15.24
21491,114-UG-T30,FPQ-11098,SCMS-171680,ASN-18883,Uganda,PMO - US,Direct Drop,EXW,Air,12/13/12,1/2/13,29-Apr-13,29-Apr-13,29-Apr-13,HRDT,HIV test,"Orgenics, Ltd","HIV 1/2, Determine Complete HIV Kit, 100 Tests","HIV 1/2, Determine Complete HIV Kit",Determine,,Test kit,100,2957,236560.0,80.0,0.8,"Alere Medical Co., Ltd.",Yes,1313,31917.19,292.62
70577,108-VN-T30,FPQ-6384,SCMS-87740,ASN-9153,Vietnam,PMO - US,Direct Drop,EXW,Air,9/30/10,10/15/10,23-Dec-10,23-Dec-10,23-Dec-10,ARV,Adult,STRIDES ARCOLAB LIMITED,"Lamivudine 150mg, tablets, 60 Tabs",Lamivudine,Generic,150mg,Tablet,60,29847,70140.45,2.35,0.04,"Strides, Bangalore, India.",Yes,1403,6475.64,151.22
84359,107-RW-T30,FPQ-12766,SO-46485,DN-3642,Rwanda,PMO - US,From RDC,N/A - From RDC,Truck,8/2/13,N/A - From RDC,5-May-14,6-Jun-14,20-Jun-14,ARV,Adult,SCMS from RDC,"Efavirenz/Lamivudine/Tenofovir Disoproxil Fumarate 600/300/300mg, tablets, 30 Tabs",Efavirenz/Lamivudine/Tenofovir Disoproxil Fumarate,Generic,600/300/300mg,Tablet - FDC,30,30205,325609.9,10.78,0.36,Mylan (formerly Matrix) Nashik,No,See DN-3642 (ID#:82668),See DN-3642 (ID#:82668),402.78
3763,116-ZA-T01,Pre-PQ Process,SCMS-41461,ASN-4360,South Africa,PMO - US,Direct Drop,DDP,Air,Pre-PQ Process,3/18/09,25-Jun-09,20-Apr-09,20-Apr-09,ARV,Pediatric,S. BUYS WHOLESALER,"Zidovudine 10mg/ml [Retrovir], solution for IV infusion injection, Vial 5 x 20 ml",Zidovudine,Retrovir,10mg/ml,Injection,5,334,4559.1,13.65,2.73,GSK Ware (UK),Yes,Weight Captured Separately,Freight Included in Commodity Cost,8.94
84674,104-CI-T30,FPQ-7659,SO-40123,DN-2369,Côte d'Ivoire,PMO - US,From RDC,N/A - From RDC,Air,5/3/11,N/A - From RDC,14-Oct-11,8-Oct-11,8-Oct-11,ARV,Adult,SCMS from RDC,"Efavirenz 600mg, tablets, 30 Tabs",Efavirenz,Generic,600mg,Tablet,30,62231,262614.82,4.22,0.14,"Strides, Bangalore, India.",Yes,3789,13956.38,433.31
83767,111-MZ-T30,FPQ-13123,SO-47081,DN-3558,Mozambique,PMO - US,From RDC,N/A - From RDC,Truck,10/21/13,N/A - From RDC,15-Apr-14,28-Mar-14,4-Apr-14,ARV,Adult,SCMS from RDC,"Nevirapine 200mg, tablets, 60 Tabs",Nevirapine,Generic,200mg,Tablet,60,2100,4746.0,2.26,0.04,Hetero Unit III Hyderabad IN,No,See DN-3558 (ID#:83766),See DN-3558 (ID#:83766),4.88
53338,161-ZA-T30,FPQ-6262,SCMS-83830,ASN-8795,South Africa,PMO - US,Direct Drop,DDP,Ocean,8/31/10,9/24/10,8-Dec-10,8-Dec-10,8-Dec-10,ARV,Adult,Aurobindo Pharma Limited,"Zidovudine 300mg, tablets, 60 Tabs",Zidovudine,Generic,300mg,Tablet,60,77143,565458.19,7.33,0.12,"Aurobindo Unit III, India",Yes,3894,3161.68,1219.13
34987,108-VN-T30,FPQ-12539,SCMS-199820,ASN-23648,Vietnam,PMO - US,Direct Drop,EXW,Air,7/11/13,8/2/13,13-Jun-14,22-Jan-14,22-Jan-14,ARV,Adult,MYLAN LABORATORIES LTD (FORMERLY MATRIX LABORATORIES),"Efavirenz/Lamivudine/Tenofovir Disoproxil Fumarate 600/300/300mg, tablets, 30 Tabs",Efavirenz/Lamivudine/Tenofovir Disoproxil Fumarate,Generic,600/300/300mg,Tablet - FDC,30,15500,172825.0,11.15,0.37,Mylan (formerly Matrix) Nashik,Yes,1745,3977.24,213.78
10550,100-CI-T01,Pre-PQ Process,SO-284,DN-46,Côte d'Ivoire,PMO - US,From RDC,N/A - From RDC,,Pre-PQ Process,N/A - From RDC,4-May-07,4-May-07,4-May-07,ARV,Adult,SCMS from RDC,"Lamivudine/Zidovudine 150/300mg, tablets, 60 Tabs",Lamivudine/Zidovudine,Generic,150/300mg,Tablet - FDC,60,1778,18224.5,10.25,0.17,"Aurobindo Unit III, India",Yes,716,2601,
62168,116-ZA-T30,FPQ-14942,SCMS-259075,ASN-32138,South Africa,PMO - US,Direct Drop,DDP,Truck,9/11/14,5/11/15,12-May-15,12-May-15,12-May-15,ARV,Adult,PHARMACY DIRECT,"Tenofovir Disoproxil Fumarate 300mg, tablets, 30 Tabs",Tenofovir Disoproxil Fumarate,Generic,300mg,Tablet,30,3,41.45,13.82,0.46,Mylan (formerly Matrix) Nashik,No,Weight Captured Separately,Freight Included in Commodity Cost,0.04
84371,102-BI-T30,FPQ-13627,SO-47670,DN-3712,Burundi,PMO - US,From RDC,N/A - From RDC,Air,1/24/14,N/A - From RDC,30-May-14,25-Jun-14,1-Jul-14,ARV,Adult,SCMS from RDC,"Lopinavir/Ritonavir 200/50mg, tablets, 120 Tabs",Lopinavir/Ritonavir,Generic,200/50mg,Tablet,120,200,4008.0,20.04,0.17,Mylan (formerly Matrix) Nashik,No,See DN-3712 (ID#:83795),See DN-3712 (ID#:83795),4.12
12578,114-UG-T01,Pre-PQ Process,SO-26140,DN-1222,Uganda,PMO - US,From RDC,N/A - From RDC,Air,Pre-PQ Process,N/A - From RDC,24-Jun-09,24-Jun-09,24-Jun-09,ARV,Adult,SCMS from RDC,"Nevirapine 200mg, tablets, 60 Tabs",Nevirapine,Generic,200mg,Tablet,60,107,342.4,3.2,0.05,"Aurobindo Unit III, India",No,See DN-1222 (ID#:11317),See DN-1222 (ID#:11317),0.67
8735,111-MZ-T01,Pre-PQ Process,SCMS-31750,ASN-3507,Mozambique,PMO - US,Direct Drop,EXW,Air,Pre-PQ Process,10/14/08,14-Apr-09,14-Apr-09,14-Apr-09,HRDT,HIV test,"Orgenics, Ltd","HIV 1/2, Determine Complete HIV Kit, 100 Tests","HIV 1/2, Determine Complete HIV Kit",Determine,,Test kit,100,4800,345600.0,72.0,0.72,Inverness Japan,Yes,1417,13093.27,677.38
82987,111-MZ-T30,FPQ-8157,SO-40330,DN-2417,Mozambique,PMO - US,From RDC,N/A - From RDC,Truck,8/4/11,N/A - From RDC,30-Nov-11,14-Dec-11,14-Dec-11,ARV,Pediatric,SCMS from RDC,"Zidovudine 10mg/ml, oral solution w/syringe, Bottle, 240 ml",Zidovudine,Generic,10mg/ml,Oral solution,240,2350,4935.0,2.1,0.01,"Aurobindo Unit III, India",Yes,904,573.43,8.14
77070,116-ZA-T30,FPQ-13973,SCMS-238552,ASN-27608,South Africa,PMO - US,Direct Drop,DDP,Truck,4/30/14,8/5/14,5-Aug-14,5-Aug-14,5-Aug-14,ARV,Adult,PHARMACY DIRECT,"Raltegravir 400mg [Isentress], tablets, 60 Tabs",Raltegravir,Isentress,400mg,Tablet,60,6,479.95,79.99,1.33,"MSD, Haarlem, NL",No,Weight Captured Separately,Freight Included in Commodity Cost,0.49
36350,105-GY-T30,FPQ-6308,SCMS-85581,ASN-8445,Guyana,PMO - US,Direct Drop,EXW,Air,9/13/10,9/17/10,24-Nov-10,24-Nov-10,24-Nov-10,ARV,Adult,Aurobindo Pharma Limited,"Lopinavir/Ritonavir 200/50mg, tablets, 120 Tabs",Lopinavir/Ritonavir,Generic,200/50mg,Tablet,120,3796,136656.0,36.0,0.3,"Aurobindo Unit III, India",Yes,1028,12609.89,294.63
12336,107-RW-T01,Pre-PQ Process,SO-239,DN-70,Rwanda,PMO - US,From RDC,N/A - From RDC,Air,Pre-PQ Process,N/A - From RDC,10-Apr-07,10-Apr-07,10-Apr-07,HRDT,HIV test,SCMS from RDC,"HIV 1/2, Uni-Gold HIV Kit, 20 Tests","HIV 1/2, Uni-Gold HIV Kit",Uni-Gold,,Test kit,20,500,16000.0,32.0,1.6,"Trinity Biotech, Plc",No,See DN-70 (ID#:11095),See DN-70 (ID#:11095),
83172,110-ZM-T30,FPQ-12066,SO-45091,DN-3361,Zambia,PMO - US,From RDC,N/A - From RDC,Truck,4/19/13,N/A - From RDC,29-Nov-13,29-Nov-13,12-Dec-13,ARV,Adult,SCMS from RDC,"Nevirapine 200mg, tablets, 60 Tabs",Nevirapine,Generic,200mg,Tablet,60,180892,408815.92,2.26,0.04,Hetero Unit III Hyderabad IN,Yes,6502,34400.04,505.71
82319,114-UG-T30,FPQ-4496,SO-34980,DN-1797,Uganda,PMO - US,From RDC,N/A - From RDC,Air,10/28/09,N/A - From RDC,3-May-10,3-May-10,3-May-10,ARV,Adult,SCMS from RDC,"Lamivudine/Nevirapine/Zidovudine 150/200/300mg, tablets, 60 Tabs",Lamivudine/Nevirapine/Zidovudine,Generic,150/300/200mg,Tablet - FDC,60,4400,49368.0,11.22,0.19,"Aurobindo Unit III, India",Yes,527,4549.95,106.44
80040,108-VN-T30,FPQ-3896,SCMS-48270,ASN-5131,Vietnam,PMO - US,Direct Drop,EXW,Air,6/25/09,6/26/09,26-Oct-09,26-Oct-09,26-Oct-09,ARV,Adult,Aurobindo Pharma Limited,"Lamivudine 150mg, tablets, 60 Tabs",Lamivudine,Generic,150mg,Tablet,60,27480,65952.0,2.4,0.04,"Aurobindo Unit III, India",No,See ASN-5131 (ID#:25886),See ASN-5131 (ID#:25886),129.27
83738,111-MZ-T30,FPQ-12416,SO-45893,DN-3428,Mozambique,PMO - US,From RDC,N/A - From RDC,Truck,6/28/13,N/A - From RDC,29-Nov-13,30-Jan-14,17-Feb-14,ARV,Adult,SCMS from RDC,"Lopinavir/Ritonavir 200/50mg [Aluvia], tablets, 120 Tabs",Lopinavir/Ritonavir,Aluvia,200/50mg,Tablet,120,12960,262051.2,20.22,0.17,ABBVIE Ludwigshafen Germany,No,See DN-3428 (ID#:83186),See DN-3428 (ID#:83186),324.16
12283,104-CI-T01,Pre-PQ Process,SO-27520,DN-1234,Côte d'Ivoire,PMO - US,From RDC,N/A - From RDC,Air,Pre-PQ Process,N/A - From RDC,11-Jun-09,11-Jun-09,11-Jun-09,ARV,Adult,SCMS from RDC,"Zidovudine 300mg, tablets, 60 Tabs",Zidovudine,Generic,300mg,Tablet,60,10000,77100.0,7.71,0.13,"Aurobindo Unit III, India",No,See DN-1234 (ID#:11970),See DN-1234 (ID#:11970),151.12
82443,101-CD-T30,FPQ-8840,SO-41148,DN-2512,"Congo, DRC",PMO - US,From RDC,N/A - From RDC,Air,11/21/11,N/A - From RDC,16-Mar-12,14-Mar-12,14-Mar-12,ARV,Adult,SCMS from RDC,"Lamivudine/Tenofovir Disoproxil Fumarate 300/300mg, tablets, 30 Tabs",Lamivudine/Tenofovir Disoproxil Fumarate,Generic,300/300mg,Tablet - FDC,30,103,626.24,6.08,0.2,Mylan (formerly Matrix) Nashik,Yes,1072,5636.3,0.88
1673,116-ZA-T01,Pre-PQ Process,SCMS-19800,ASN-1665,South Africa,PMO - US,Direct Drop,DDP,Truck,Pre-PQ Process,2/20/08,24-Apr-08,24-Apr-08,24-Apr-08,ARV,Adult,S. BUYS WHOLESALER,"Lopinavir/Ritonavir 133.3/33.3mg [Kaletra], capsules, cool, 2 x 90 Caps",Lopinavir/Ritonavir,Kaletra,133.3/33.3mg,Capsule,180,400,15760.0,39.4,0.22,ABBVIE (Abbott) Logis. UK,No,Weight Captured Separately,Freight Included in Commodity Cost,25.22
35977,116-ZA-T30,FPQ-14942,SCMS-295800,ASN-33865,South Africa,PMO - US,Direct Drop,DDP,Truck,9/11/14,8/24/15,24-Aug-15,24-Aug-15,24-Aug-15,ARV,Pediatric,PHARMACY DIRECT,"Efavirenz 200mg, capsule, 90 Caps",Efavirenz,Generic,200mg,Capsule,90,34,620.49,18.25,0.2,"Aurobindo Unit III, India",No,Weight Captured Separately,Freight Included in Commodity Cost,0.64
72291,107-RW-T30,FPQ-4047,SCMS-50820,ASN-7096,Rwanda,PMO - US,Direct Drop,CIP,Air,7/28/09,8/18/09,13-Jun-10,13-Jun-10,13-Jun-10,ARV,Adult,HETERO LABS LIMITED,"Lamivudine 150mg, tablets, 60 Tabs",Lamivudine,Generic,150mg,Tablet,60,15750,40792.5,2.59,0.04,Hetero Unit III Hyderabad IN,Yes,986,4015.82,79.95
12793,136-RW-T01,Pre-PQ Process,SO-11520,DN-842,Cameroon,PMO - US,From RDC,N/A - From RDC,Air,Pre-PQ Process,N/A - From RDC,20-Aug-08,20-Aug-08,20-Aug-08,HRDT,HIV test,SCMS from RDC,"HIV 1/2, Uni-Gold HIV Kit, 20 Tests","HIV 1/2, Uni-Gold HIV Kit",Uni-Gold,,Test kit,20,2000,64000.0,32.0,1.6,"Trinity Biotech, Plc",Yes,643,7805.33,102.4
68126,109-TZ-T30,FPQ-9211,SCMS-135870,ASN-13851,Tanzania,PMO - US,Direct Drop,EXW,Air,1/25/12,1/27/12,7-Mar-12,8-Mar-12,8-Mar-12,HRDT,HIV test,"Orgenics, Ltd","HIV 1/2, Determine Complete HIV Kit, 100 Tests","HIV 1/2, Determine Complete HIV Kit",Determine,,Test kit,100,1044,83520.0,80.0,0.8,"Alere Medical Co., Ltd.",Yes,499,9894.85,117.1
10803,104-CI-T01,Pre-PQ Process,SO-1688,DN-1557,Côte d'Ivoire,PMO - US,From RDC,N/A - From RDC,Air,Date Not Captured,N/A - From RDC,20-Dec-09,20-Dec-09,20-Dec-09,ARV,Adult,SCMS from RDC,"Saquinavir 200mg [Invirase], capsules, 270 Caps",Saquinavir,Invirase,200mg,Capsule,270,1042,82463.88,79.14,0.29,Roche Basel,Yes,Weight Captured Separately,Invoiced Separately,177.79
72047,116-ZA-T30,FPQ-12522,SCMS-199283,ASN-27975,South Africa,PMO - US,Direct Drop,DDP,Truck,7/11/13,8/27/14,27-Aug-14,27-Aug-14,27-Aug-14,ARV,Adult,S. BUYS WHOLESALER,"Efavirenz 600mg, tablets, 30 Tabs",Efavirenz,Generic,600mg,Tablet,30,1,16.73,16.73,0.56,Hetero Unit III Hyderabad IN,No,Weight Captured Separately,Freight Included in Commodity Cost,0.02
83617,102-CD-T30,FPQ-9906,SO-42340,DN-2812,"Congo, DRC",PMO - US,From RDC,N/A - From RDC,Air,5/15/12,N/A - From RDC,14-Feb-13,14-Feb-13,14-Feb-13,ARV,Adult,SCMS from RDC,"Zidovudine 300mg, tablets, 60 Tabs",Zidovudine,Generic,300mg,Tablet,60,6369,43054.44,6.76,0.11,"Aurobindo Unit III, India",No,See DN-2812 (ID#:83068),See DN-2812 (ID#:83068),60.36
83682,111-MZ-T30,FPQ-11033,SO-43791,DN-3112,Mozambique,PMO - US,From RDC,N/A - From RDC,Truck,11/12/12,N/A - From RDC,14-Jul-13,26-Jul-13,26-Jul-13,ARV,Pediatric,SCMS from RDC,"Zidovudine 10mg/ml, oral solution w/syringe, Bottle, 240 ml",Zidovudine,Generic,10mg/ml,Oral solution,240,18597,39053.7,2.1,0.01,"Aurobindo Unit III, India",Yes,7141,5496.08,48.31
83953,123-NG-T30,FPQ-4395,SO-32971,DN-1493,Nigeria,PMO - US,From RDC,N/A - From RDC,Air Charter,7/27/09,N/A - From RDC,18-Dec-09,20-Nov-09,20-Nov-09,ARV,Adult,SCMS from RDC,"Stavudine 30mg, capsules, 60 Caps",Stavudine,Generic,30mg,Capsule,60,4050,5913.0,1.46,0.02,"Aurobindo Unit III, India",No,See DN-1493 (ID#:83374),See DN-1493 (ID#:83374),11.59
12018,114-UG-T01,Pre-PQ Process,SO-33150,DN-1490,Uganda,PMO - US,From RDC,N/A - From RDC,Air,Date Not Captured,N/A - From RDC,29-Oct-09,29-Oct-09,29-Oct-09,ARV,Adult,SCMS from RDC,"Zidovudine 300mg, tablets, 60 Tabs",Zidovudine,Generic,300mg,Tablet,60,589,4435.17,7.53,0.13,"Aurobindo Unit III, India",Yes,33,747.17,9.56
84774,151-NG-T30,FPQ-9968,SO-43434,DN-2945,Nigeria,PMO - US,From RDC,N/A - From RDC,Air,5/23/12,N/A - From RDC,30-Nov-12,4-Dec-12,4-Dec-12,ARV,Adult,SCMS from RDC,"Lamivudine/Tenofovir Disoproxil Fumarate 300/300mg, tablets, 30 Tabs",Lamivudine/Tenofovir Disoproxil Fumarate,Generic,300/300mg,Tablet - FDC,30,149952,803742.72,5.36,0.18,Hetero Unit III Hyderabad IN,No,See DN-2945 (ID#:82533),See DN-2945 (ID#:82533),1126.85
73507,111-MZ-T30,FPQ-9671,SCMS-145150,ASN-15699,Mozambique,PMO - US,Direct Drop,EXW,Air,4/10/12,5/4/12,4-Sep-12,4-Sep-12,4-Sep-12,HRDT,HIV test,"Orgenics, Ltd","HIV 1/2, Determine Complete HIV Kit, 100 Tests","HIV 1/2, Determine Complete HIV Kit",Determine,,Test kit,100,5000,400000.0,80.0,0.8,"Alere Medical Co., Ltd.",Yes,2384,43848.04,560.8
11117,104-CI-T01,Pre-PQ Process,SO-586,DN-194,Côte d'Ivoire,PMO - US,From RDC,N/A - From RDC,,Pre-PQ Process,N/A - From RDC,28-Jun-07,28-Jun-07,28-Jun-07,ARV,Adult,SCMS from RDC,"Lopinavir/Ritonavir 200/50mg [Aluvia], tablets, 120 Tabs",Lopinavir/Ritonavir,Aluvia,200/50mg,Tablet,120,4000,164400.0,41.1,0.34,ABBVIE Ludwigshafen Germany,Yes,1015,3256,263.04
37140,111-MZ-T30,FPQ-7054,SCMS-98420,ASN-10816,Mozambique,PMO - US,Direct Drop,FCA,Air,1/21/11,2/8/11,24-May-11,24-May-11,24-May-11,ARV,Adult,Hoffmann-La Roche ltd Basel,"Saquinavir 200mg [Invirase], capsules, 270 Caps",Saquinavir,Invirase,200mg,Capsule,270,448,46377.58,103.52,0.38,Roche Basel,No,See ASN-10816 (ID#:28664),See ASN-10816 (ID#:28664),76.52
11017,114-UG-T01,Pre-PQ Process,SO-17780,DN-995,Uganda,PMO - US,From RDC,N/A - From RDC,Air,Pre-PQ Process,N/A - From RDC,2-Dec-08,2-Dec-08,2-Dec-08,ARV,Adult,SCMS from RDC,"Lamivudine 150mg, tablets, 60 Tabs",Lamivudine,Generic,150mg,Tablet,60,500,1450.0,2.9,0.05,"Aurobindo Unit III, India",Yes,26,1096.71,2.84
2661,112-NG-T01,Pre-PQ Process,SCMS-87,ASN-57,Nigeria,PMO - US,Direct Drop,EXW,Air,Pre-PQ Process,Date Not Captured,28-Sep-06,28-Sep-06,28-Sep-06,ARV,Pediatric,Aurobindo Pharma Limited,"Lamivudine 10mg/ml, oral solution, Bottle, 240 ml",Lamivudine,Generic,10mg/ml,Oral solution,240,416,1809.6,4.35,0.02,"Aurobindo Unit III, India",No,See ASN-57 (ID#:23),See ASN-57 (ID#:23),
86465,113-ZW-T30,FPQ-8464,SO-40850,DN-2605,Zimbabwe,PMO - US,From RDC,N/A - From RDC,Truck,10/4/11,N/A - From RDC,13-Apr-12,10-Apr-12,10-Apr-12,ARV,Adult,SCMS from RDC,"Lamivudine/Nevirapine/Zidovudine 150/200/300mg, tablets, 60 Tabs",Lamivudine/Nevirapine/Zidovudine,Generic,150/300/200mg,Tablet - FDC,60,11574,127314.0,11.0,0.18,"Aurobindo Unit III, India",No,See DN-2605 (ID#:82467),See DN-2605 (ID#:82467),210.07
85255,110-ZM-T30,FPQ-9186,SO-41410,DN-2629,Zambia,PMO - US,From RDC,N/A - From RDC,Truck,1/16/12,N/A - From RDC,8-May-12,30-Apr-12,30-Apr-12,ARV,Adult,SCMS from RDC,"Efavirenz 600mg, tablets, 30 Tabs",Efavirenz,Generic,600mg,Tablet,30,109226,450011.12,4.12,0.14,"Strides, Bangalore, India.",Yes,6636,10598.2,630.92
11874,104-CI-T01,Pre-PQ Process,SO-794,DN-674,Côte d'Ivoire,PMO - US,From RDC,N/A - From RDC,,Pre-PQ Process,N/A - From RDC,27-Mar-08,27-Mar-08,27-Mar-08,HRDT,HIV test,SCMS from RDC,"#108853** HIV, Genie II HIV-1/HIV-2 Kit, 40 Tests","HIV, Genie II HIV-1/HIV-2 Kit",Genie,,Test kit,40,415,31540.0,76.0,1.9,Bio-Rad Laboratories,Yes,453,1606.93,50.46
56748,114-UG-T30,FPQ-11153,SCMS-177120,ASN-18910,Uganda,PMO - US,Direct Drop,EXW,Air,12/13/12,2/7/13,10-Apr-13,10-Apr-13,10-Apr-13,ARV,Pediatric,MICRO LABS LIMITED,"Efavirenz 50mg, capsule, 30 Caps",Efavirenz,Generic,50mg,Capsule,30,56,112.0,2.0,0.07,"Micro labs, Verna, Goa, India",No,See ASN-18910 (ID#:50309),See ASN-18910 (ID#:50309),0.14
5114,123-NG-T01,Pre-PQ Process,SCMS-43960,ASN-4533,Nigeria,PMO - US,Direct Drop,EXW,Air,Pre-PQ Process,4/10/09,3-Sep-09,3-Sep-09,3-Sep-09,ACT,ACT,MISSIONPHARMA A/S,"Artemether/Lumefantrine 20/120mg [Coartem], scored tablets, Blister 30 x 18 Tabs",Artemether/Lumefantrine,Coartem,20/120mg,Tablet - FDC + blister,540,2000,70420.0,35.21,0.07,"Novartis Pharma Suffern, USA",Yes,1250,17170.07,138.02
1068,116-ZA-T01,Pre-PQ Process,SCMS-41070,ASN-3625,South Africa,PMO - US,Direct Drop,DDP,Air,Pre-PQ Process,Date Not Captured,12-May-09,30-Dec-08,30-Dec-08,ARV,Pediatric,S. BUYS WHOLESALER,"Lamivudine 10mg/ml [Epivir], oral solution, Bottle, 240 ml",Lamivudine,Epivir,10mg/ml,Oral solution,240,1800,10512.0,5.84,0.02,GSK Mississauga (Canada),Yes,Weight Captured Separately,Freight Included in Commodity Cost,20.6
28418,900-TZ-T30,FPQ-10394,SCMS-156500,ASN-16219,Tanzania,PMO - US,Direct Drop,EXW,Air,7/26/12,8/9/12,9-Oct-12,12-Oct-12,12-Oct-12,ARV,Adult,Aurobindo Pharma Limited,"Efavirenz 600mg, tablets, 30 Tabs",Efavirenz,Generic,600mg,Tablet,30,25741,84945.3,3.3,0.11,"Aurobindo Unit III, India",Yes,2210,9452.02,119.09
61676,102-SD-T30,FPQ-8261,SCMS-120461,ASN-12338,Sudan,PMO - US,Direct Drop,EXW,Air,8/29/11,9/7/11,11-Jan-12,11-Jan-12,11-Jan-12,HRDT,HIV test,"Trinity Biotech, Plc","HIV 1/2, Uni-Gold HIV Kit, 20 Tests","HIV 1/2, Uni-Gold HIV Kit",Uni-Gold,,Test kit,20,65,2080.0,32.0,1.6,"Trinity Biotech, Plc",Yes,21,593.72,3.43
83163,111-MZ-T30,FPQ-11033,SO-43775,DN-3338,Mozambique,PMO - US,From RDC,N/A - From RDC,Truck,11/12/12,N/A - From RDC,31-Oct-13,31-Oct-13,12-Nov-13,ARV,Adult,SCMS from RDC,"Efavirenz/Lamivudine/Tenofovir Disoproxil Fumarate 600/300/300mg, tablets, 30 Tabs",Efavirenz/Lamivudine/Tenofovir Disoproxil Fumarate,Generic,600/300/300mg,Tablet - FDC,30,15246,169992.9,11.15,0.37,Mylan (formerly Matrix) Nashik,Yes,Weight Captured Separately,5902.4,210.28
58713,116-ZA-T30,FPQ-14942,SCMS-259078,ASN-33472,South Africa,PMO - US,Direct Drop,DDP,Truck,9/11/14,10/9/14,24-Jul-15,24-Jul-15,24-Jul-15,ARV,Adult,PHARMACY DIRECT,"Etravirine 100mg [Intelence], tablets, 120 Tabs",Etravirine,Intelence,100mg,Tablet,120,4,110.05,27.51,0.23,"Janssen-Cilag, Latina, IT",No,Weight Captured Separately,Freight Included in Commodity Cost,0.11
12501,104-CI-T01,Pre-PQ Process,SO-791,DN-641,Côte d'Ivoire,PMO - US,From RDC,N/A - From RDC,,Pre-PQ Process,N/A - From RDC,3-Mar-08,3-Mar-08,3-Mar-08,HRDT,HIV test,SCMS from RDC,"HIV 1/2, Determine HIV Kit, without Lancets, 100 Tests","HIV 1/2, Determine HIV Kit, without Lancets",Determine,,Test kit,100,1505,108344.95,71.99,0.72,Inverness Japan,No,See DN-641 (ID#:10695),See DN-641 (ID#:10695),173.35
86384,200-ZW-T30,FPQ-6483,SO-37880,DN-2203,Zimbabwe,PMO - US,From RDC,N/A - From RDC,Truck,10/13/10,N/A - From RDC,31-May-11,13-Jun-11,13-Jun-11,ARV,Pediatric,SCMS from RDC,"Lamivudine/Nevirapine/Zidovudine 30/50/60mg, dispersible tablets, 60 Tabs",Lamivudine/Nevirapine/Zidovudine,Generic,30/50/60mg,Chewable/dispersible tablet - FDC,60,20000,85000.0,4.25,0.07,Mylan (formerly Matrix) Nashik,No,See DN-2203 (ID#:82949),See DN-2203 (ID#:82949),183.26
82899,151-NG-T30,FPQ-5023,SO-36502,DN-1915,Nigeria,PMO - US,From RDC,N/A - From RDC,Air,2/10/10,N/A - From RDC,15-Jul-10,28-Jun-10,28-Jun-10,ARV,Adult,SCMS from RDC,"Zidovudine 300mg, tablets, 60 Tabs",Zidovudine,Generic,300mg,Tablet,60,3000,22500.0,7.5,0.12,"Aurobindo Unit III, India",Yes,165,Freight Included in Commodity Cost,48.51
82584,151-NG-T30,FPQ-11022,SO-44260,DN-3198,Nigeria,PMO - US,From RDC,N/A - From RDC,Air Charter,11/15/12,N/A - From RDC,28-May-13,28-May-13,28-May-13,ARV,Adult,SCMS from RDC,"Efavirenz/Lamivudine/Tenofovir Disoproxil Fumarate 600/300/300mg, tablets, 30 Tabs",Efavirenz/Lamivudine/Tenofovir Disoproxil Fumarate,Generic,600/300/300mg,Tablet - FDC,30,180000,1893600.0,10.52,0.35,Hetero Unit III Hyderabad IN,Yes,26361,20761,2342.38
82976,114-UG-T30,FPQ-7162,SO-38800,DN-2329,Uganda,PMO - US,From RDC,N/A - From RDC,Truck,2/14/11,N/A - From RDC,5-Aug-11,24-Aug-11,24-Aug-11,ARV,Adult,SCMS from RDC,"Efavirenz 600mg, tablets, 30 Tabs",Efavirenz,Generic,600mg,Tablet,30,47312,199656.64,4.22,0.14,Mylan (formerly Matrix) Nashik,Yes,20230,79938.08,329.43
48729,116-ZA-T30,FPQ-14942,SCMS-259076,ASN-32525,South Africa,PMO - US,Direct Drop,DDP,Truck,9/11/14,6/2/15,2-Jun-15,2-Jun-15,2-Jun-15,ARV,Adult,PHARMACY DIRECT,"Etravirine 100mg [Intelence], tablets, 120 Tabs",Etravirine,Intelence,100mg,Tablet,120,1,25.59,25.59,0.21,"Janssen-Cilag, Latina, IT",Yes,Weight Captured Separately,Freight Included in Commodity Cost,0.03
85401,104-CI-T30,FPQ-11253,SO-44201,DN-3329,Côte d'Ivoire,PMO - US,From RDC,N/A - From RDC,Truck,12/14/12,N/A - From RDC,30-Sep-13,20-Sep-13,20-Sep-13,ARV,Adult,SCMS from RDC,"Lamivudine/Zidovudine 150/300mg, tablets, 60 Tabs",Lamivudine/Zidovudine,Generic,150/300mg,Tablet - FDC,60,19920,144818.4,7.27,0.12,"Cipla, Goa, India",No,See DN-3329 (ID#:82602),See DN-3329 (ID#:82602),179.14
44082,133-NG-T30,FPQ-13741,SCMS-239690,ASN-26758,Nigeria,PMO - US,Direct Drop,EXW,Air,2/13/14,5/19/14,9-Jul-14,9-Jul-14,17-Jul-14,HRDT,HIV test,"Orgenics, Ltd","HIV 1/2, Determine Complete HIV Kit, 100 Tests","HIV 1/2, Determine Complete HIV Kit",Determine,,Test kit,100,11054,983806.0,89.0,0.89,"Alere Medical Co., Ltd.",Yes,4495,67915.7,1011.35
82552,103-ZW-T30,FPQ-9907,SO-42260,DN-3032,Zimbabwe,PMO - US,From RDC,N/A - From RDC,Truck,5/15/12,N/A - From RDC,31-Mar-13,14-Mar-13,14-Mar-13,ARV,Pediatric,SCMS from RDC,"Lamivudine/Nevirapine/Stavudine 30/50/6mg, dispersible tablets, 60 Tabs",Lamivudine/Nevirapine/Stavudine,Generic,30/50/6mg,Chewable/dispersible tablet - FDC,60,28220,64906.0,2.3,0.04,"Cipla, Goa, India",No,See DN-3032 (ID#:82551),See DN-3032 (ID#:82551),91.0
81854,161-ZA-T30,FPQ-6262,SCMS-84230,ASN-9509,South Africa,PMO - US,Direct Drop,DDP,Ocean,8/31/10,9/21/10,14-Feb-11,9-Mar-11,9-Mar-11,ARV,Adult,STRIDES ARCOLAB LIMITED,"Lamivudine 150mg, tablets, 60 Tabs",Lamivudine,Generic,150mg,Tablet,60,212409,524650.23,2.47,0.04,"Strides, Bangalore, India.",Yes,10302,13677.69,1131.15
86355,200-DO-T30,FPQ-6616,SO-38020,DN-2065,Dominican Republic,PMO - US,From RDC,N/A - From RDC,Air,10/25/10,N/A - From RDC,31-Jan-11,8-Dec-10,8-Dec-10,ARV,Adult,SCMS from RDC,"Lamivudine/Zidovudine 150/300mg, tablets, 60 Tabs",Lamivudine/Zidovudine,Generic,150/300mg,Tablet - FDC,60,16000,136800.0,8.55,0.14,"Aurobindo Unit III, India",No,See DN-2065 (ID#:82360),See DN-2065 (ID#:82360),225.72
21997,106-HT-T30,FPQ-14895,SCMS-258610,ASN-30989,Haiti,PMO - US,Direct Drop,EXW,Ocean,9/24/14,11/14/14,25-May-15,25-May-15,26-May-15,ARV,Adult,CIPLA LIMITED,"Efavirenz/Lamivudine/Tenofovir Disoproxil Fumarate 600/300/300mg, tablets, 30 Tabs",Efavirenz/Lamivudine/Tenofovir Disoproxil Fumarate,Generic,600/300/300mg,Tablet - FDC,30,38530,394932.5,10.25,0.34,Cipla Ltd A-42 MIDC Mahar. IN,Yes,5640,9481.92,405.99
11022,104-CI-T01,Pre-PQ Process,SO-11850,DN-988,Côte d'Ivoire,PMO - US,From RDC,N/A - From RDC,Air,Pre-PQ Process,N/A - From RDC,1-Dec-08,1-Dec-08,1-Dec-08,ARV,Adult,SCMS from RDC,"Lamivudine/Zidovudine 150/300mg, tablets, 60 Tabs",Lamivudine/Zidovudine,Generic,150/300mg,Tablet - FDC,60,32256,301593.6,9.35,0.16,"Aurobindo Unit III, India",Yes,5589,22758.49,591.12
71936,108-VN-T30,FPQ-9577,SCMS-145520,ASN-15795,Vietnam,PMO - US,Direct Drop,EXW,Air,4/11/12,6/12/12,22-Aug-12,22-Aug-12,22-Aug-12,ARV,Pediatric,Aurobindo Pharma Limited,"Zidovudine 10mg/ml, oral solution w/syringe, Bottle, 240 ml",Zidovudine,Generic,10mg/ml,Oral solution,240,350,735.0,2.1,0.01,"Aurobindo Unit III, India",No,See ASN-15795 (ID#:16725),See ASN-15795 (ID#:16725),1.03
84299,104-CI-T30,FPQ-11253,SO-44210,DN-3371,Côte d'Ivoire,PMO - US,From RDC,N/A - From RDC,Truck,12/14/12,N/A - From RDC,31-Oct-13,22-Oct-13,19-Nov-13,ARV,Adult,SCMS from RDC,"Lamivudine/Nevirapine/Zidovudine 150/200/300mg, tablets, 60 Tabs",Lamivudine/Nevirapine/Zidovudine,Generic,150/300/200mg,Tablet - FDC,60,14300,118118.0,8.26,0.14,"Cipla, Goa, India",No,See DN-3371 (ID#:83174),See DN-3371 (ID#:83174),146.11
82366,151-NG-T30,FPQ-6243,SO-38320,DN-2090,Nigeria,PMO - US,From RDC,N/A - From RDC,Air Charter,8/25/10,N/A - From RDC,22-Feb-11,16-Feb-11,16-Feb-11,ARV,Adult,SCMS from RDC,"Lamivudine/Nevirapine/Zidovudine 150/200/300mg, tablets, 60 Tabs",Lamivudine/Nevirapine/Zidovudine,Generic,150/300/200mg,Tablet - FDC,60,141764,1590592.08,11.22,0.19,"Aurobindo Unit III, India",Yes,70109,43548,3429.32
10637,117-ET-T01,Pre-PQ Process,SO-1342,DN-459,Ethiopia,PMO - US,From RDC,N/A - From RDC,Air,Pre-PQ Process,N/A - From RDC,26-Nov-07,26-Nov-07,26-Nov-07,ARV,Pediatric,SCMS from RDC,"Stavudine 1mg/ml, powder for oral solution, 200 ml",Stavudine,Generic,1mg/ml,Oral solution,200,7294,10211.6,1.4,0.01,"Aurobindo Unit III, India",Yes,753,8004,16.34
5596,128-BJ-T01,Pre-PQ Process,SCMS-17280,ASN-1380,Benin,PMO - US,Direct Drop,EXW,Air,Pre-PQ Process,2/6/08,10-Mar-08,4-Mar-08,4-Mar-08,HRDT,HIV test,"Orgenics, Ltd","HIV 1/2, Determine HIV Kit, without Lancets, 100 Tests","HIV 1/2, Determine HIV Kit, without Lancets",Determine,,Test kit,100,1436,103377.64,71.99,0.72,Inverness Japan,Yes,327,6687.51,165.4
37526,108-VN-T30,FPQ-10643,SCMS-160990,ASN-17709,Vietnam,PMO - US,Direct Drop,EXW,Air,9/18/12,9/24/12,4-Feb-13,4-Feb-13,4-Feb-13,ARV,Adult,MICRO LABS LIMITED,"Lamivudine 150mg, tablets, 60 Tabs",Lamivudine,Generic,150mg,Tablet,60,13570,24968.8,1.84,0.03,"Micro labs, Verna, Goa, India",Yes,568,1646.5,35.01
45929,111-MZ-T30,FPQ-13093,SCMS-211560,ASN-24097,Mozambique,PMO - US,Direct Drop,EXW,Air,10/15/13,11/13/13,10-Feb-14,10-Feb-14,15-Mar-14,HRDT,HIV test,"Orgenics, Ltd","HIV 1/2, Determine Complete HIV Kit, 100 Tests","HIV 1/2, Determine Complete HIV Kit",Determine,,Test kit,100,9575,766000.0,80.0,0.8,"Alere Medical Co., Ltd.",Yes,3890,29244.02,787.45
86332,110-ZM-T30,FPQ-5702,SO-36844,DN-2003,Zambia,PMO - US,From RDC,N/A - From RDC,Air,5/20/10,N/A - From RDC,22-Sep-10,1-Sep-10,1-Sep-10,ARV,Adult,SCMS from RDC,"Abacavir 300mg, tablets, 60 Tabs",Abacavir,Generic,300mg,Tablet,60,13455,230618.7,17.14,0.29,Mylan (formerly Matrix) Nashik,No,See DN-2003 (ID#:85146),See DN-2003 (ID#:85146),497.21
86426,104-CI-T30,FPQ-8363,SO-40821,DN-2448,Côte d'Ivoire,PMO - US,From RDC,N/A - From RDC,Truck,8/29/11,N/A - From RDC,2-Mar-12,5-Dec-11,5-Dec-11,ARV,Adult,SCMS from RDC,"Efavirenz 600mg, tablets, 30 Tabs",Efavirenz,Generic,600mg,Tablet,30,20076,84720.72,4.22,0.14,"Strides, Bangalore, India.",Yes,1223,3526.27,139.79
12663,109-TZ-T01,Pre-PQ Process,SO-758,DN-234,Tanzania,PMO - US,From RDC,N/A - From RDC,Air,Pre-PQ Process,N/A - From RDC,13-Jul-07,13-Jul-07,13-Jul-07,HRDT,HIV test,SCMS from RDC,"HIV 1/2, Capillus HIV Kit, 100 Tests","HIV 1/2, Capillus HIV Kit",Capillus,,Test kit,100,2000,278000.0,139.0,1.39,"Trinity Biotech, Plc",Yes,1415,4458,444.8
42159,114-UG-T30,FPQ-13600,SCMS-225710,ASN-27170,Uganda,PMO - US,Direct Drop,CIP,Air,1/28/14,2/4/14,30-Jul-14,30-Jul-14,6-Aug-14,ARV,Adult,MERCK SHARP & DOHME IDEA GMBH (FORMALLY MERCK SHARP & DOHME B.V.),"Raltegravir 400mg [Isentress], tablets, 60 Tabs",Raltegravir,Isentress,400mg,Tablet,60,1300,72150.0,55.5,0.92,"MSD, Haarlem, NL",Yes,Weight Captured Separately,Freight Included in Commodity Cost,74.17
9694,116-ZA-T01,Pre-PQ Process,SCMS-21460,ASN-1667,South Africa,PMO - US,Direct Drop,DDP,,Pre-PQ Process,4/4/08,25-Apr-08,7-Apr-08,7-Apr-08,ARV,Adult,S. BUYS WHOLESALER,"Didanosine EC 400mg [Videx EC], delayed-release capsules, Blister 3 x 10 Caps",Didanosine EC,Videx EC,400mg,Delayed-release capsules - blister,30,100,2386.0,23.86,0.8,"BMS Meymac, France",No,Weight Captured Separately,Freight Included in Commodity Cost,3.82
64208,108-VN-T30,FPQ-16194,SCMS-285500,ASN-33269,Vietnam,PMO - US,Direct Drop,EXW,Air,4/14/15,5/13/15,3-Sep-15,3-Sep-15,3-Sep-15,ARV,Adult,HETERO LABS LIMITED,"Efavirenz/Lamivudine/Tenofovir Disoproxil Fumarate 600/300/300mg, tablets, 30 Tabs",Efavirenz/Lamivudine/Tenofovir Disoproxil Fumarate,Generic,600/300/300mg,Tablet - FDC,30,13736,130492.0,9.5,0.32,Hetero Unit III Hyderabad IN,No,See ASN-33269 (ID#:25323),See ASN-33269 (ID#:25323),153.59
12667,104-CI-T01,Pre-PQ Process,SO-524,DN-268,Côte d'Ivoire,PMO - US,From RDC,N/A - From RDC,,Pre-PQ Process,N/A - From RDC,14-Aug-07,14-Aug-07,14-Aug-07,ARV,Pediatric,SCMS from RDC,"Zidovudine 10mg/ml, oral solution, Bottle, 240 ml",Zidovudine,Generic,10mg/ml,Oral solution,240,5076,20050.2,3.95,0.02,"Aurobindo Unit III, India",No,See DN-268 (ID#:12074),See DN-268 (ID#:12074),32.08
49660,105-SS-T30,FPQ-15569,SCMS-272150,ASN-31765,South Sudan,PMO - US,Direct Drop,EXW,Air,12/29/14,2/20/15,25-Jul-15,25-Jul-15,29-Jul-15,HRDT,HIV test,"Trinity Biotech, Plc","HIV 1/2, Uni-Gold HIV Kit, 20 Tests","HIV 1/2, Uni-Gold HIV Kit",Uni-Gold,,Test kit,20,10,320.0,32.0,1.6,"Trinity Biotech, Plc",No,See ASN-31765 (ID#:41640),See ASN-31765 (ID#:41640),0.38
73403,101-AF-T30,FPQ-15746,SCMS-275090,ASN-30861,Afghanistan,PMO - US,Direct Drop,EXW,Air,1/20/15,2/9/15,12-Jul-15,12-Jul-15,13-Jul-15,ANTM,Malaria,IMRES B.V.,"Quinine sulphate 300mg, film coated tablet, 1000 Tabs",Quinine,Generic,300mg,Tablet,1000,57,2881.35,50.55,0.05,Mepro Pharm Wadhwan Unit II,No,See ASN-30861 (ID#:41238),See ASN-30861 (ID#:41238),3.39
4531,116-ZA-T01,Pre-PQ Process,SCMS-25540,ASN-2295,South Africa,PMO - US,Direct Drop,DDP,Truck,Pre-PQ Process,Date Not Captured,12-Jun-08,9-Jun-08,9-Jun-08,ARV,Adult,S. BUYS WHOLESALER,"Tenofovir Disoproxil Fumarate 300mg [Viread], tablets, 30 Tabs",Tenofovir Disoproxil Fumarate,Viread,300mg,Tablet,30,400,9536.0,23.84,0.79,"Aspen-OSD, Port Elizabeth, SA",No,Weight Captured Separately,Freight Included in Commodity Cost,15.26
11249,117-ET-T01,Pre-PQ Process,SO-1964,DN-659,Ethiopia,PMO - US,From RDC,N/A - From RDC,Air,Pre-PQ Process,N/A - From RDC,12-Mar-08,12-Mar-08,12-Mar-08,ARV,Adult,SCMS from RDC,"Lamivudine 150mg, tablets, 60 Tabs",Lamivudine,Generic,150mg,Tablet,60,14044,42693.76,3.04,0.05,"Ranbaxy, Paonta Shahib, India",Yes,732,2963.8,68.31
13007,102-BI-T30,FPQ-11670,SCMS-179360,ASN-19161,Burundi,PMO - US,Direct Drop,EXW,Air,2/20/13,3/14/13,10-Jun-13,10-Jun-13,10-Jun-13,HRDT,HIV test,"Orgenics, Ltd","HIV 1/2, Determine Complete HIV Kit, 100 Tests","HIV 1/2, Determine Complete HIV Kit",Determine,,Test kit,100,1468,117440.0,80.0,0.8,"Alere Medical Co., Ltd.",Yes,638,12922.07,145.27
11533,131-NG-T01,Pre-PQ Process,SO-2575,DN-737,Nigeria,PMO - US,From RDC,N/A - From RDC,Air,Pre-PQ Process,N/A - From RDC,14-May-08,14-May-08,14-May-08,ARV,Adult,SCMS from RDC,"Lamivudine/Nevirapine/Zidovudine 150/200/300mg, tablets, 60 Tabs",Lamivudine/Nevirapine/Zidovudine,Generic,150/300/200mg,Tablet - FDC,60,164,2177.92,13.28,0.22,"Aurobindo Unit III, India",Yes,2095,10098.25,3.48
83398,104-CI-T30,FPQ-3964,SO-33171,DN-1629,Côte d'Ivoire,PMO - US,From RDC,N/A - From RDC,Air,7/24/09,N/A - From RDC,11-Feb-10,2-Feb-10,2-Feb-10,ARV,Pediatric,SCMS from RDC,"Didanosine 200mg, chewable/dispersible tablets, 60 Tabs",Didanosine,Generic,200mg,Chewable/dispersible tablet,60,1800,27900.0,15.5,0.26,"Aurobindo Unit III, India",No,See DN-1629 (ID#:82857),See DN-1629 (ID#:82857),54.68
85499,102-BI-T30,FPQ-14112,SO-48600,DN-3797,Burundi,PMO - US,From RDC,N/A - From RDC,Air,4/18/14,N/A - From RDC,30-Aug-14,5-Sep-14,18-Sep-14,ARV,Adult,SCMS from RDC,"Lopinavir/Ritonavir 200/50mg, tablets, 120 Tabs",Lopinavir/Ritonavir,Generic,200/50mg,Tablet,120,200,4008.0,20.04,0.17,Mylan (formerly Matrix) Nashik,Yes,53,1621.53,4.12
67448,116-ZA-T30,FPQ-13973,SCMS-238551,ASN-26882,South Africa,PMO - US,Direct Drop,DDP,Truck,4/30/14,6/25/14,25-Jun-14,25-Jun-14,25-Jun-14,ARV,Adult,PHARMACY DIRECT,"Tenofovir Disoproxil Fumarate 300mg, tablets, 30 Tabs",Tenofovir Disoproxil Fumarate,Generic,300mg,Tablet,30,91,1644.26,18.07,0.6,Mylan (formerly Matrix) Nashik,No,Weight Captured Separately,Freight Included in Commodity Cost,1.69
4722,119-NA-T01,Pre-PQ Process,SCMS-30720,ASN-2586,Namibia,PMO - US,Direct Drop,EXW,Air,Pre-PQ Process,9/19/08,8-Oct-08,8-Oct-08,8-Oct-08,HRDT,HIV test,"Trinity Biotech, Plc","HIV 1/2, Uni-Gold HIV Kit, 20 Tests","HIV 1/2, Uni-Gold HIV Kit",Uni-Gold,,Test kit,20,650,20800.0,32.0,1.6,"Trinity Biotech, Plc",Yes,220,7078.9,33.28
52837,133-NG-T30,FPQ-15504,SCMS-270771,ASN-32758,Nigeria,PMO - US,Direct Drop,EXW,Air,12/8/14,3/13/15,30-Jun-15,26-Jun-15,2-Jul-15,HRDT,HIV test,"Orgenics, Ltd","HIV 1/2, Determine Complete HIV Kit, 100 Tests","HIV 1/2, Determine Complete HIV Kit",Determine,,Test kit,100,4657,414473.0,89.0,0.89,"Alere Medical Co., Ltd.",Yes,2307,21672.24,487.83
82458,900-SS-T30,FPQ-8624,SO-41080,DN-2581,South Sudan,PMO - US,From RDC,N/A - From RDC,Air,11/4/11,N/A - From RDC,21-Mar-12,8-Mar-12,8-Mar-12,ARV,Adult,SCMS from RDC,"Lamivudine/Zidovudine 150/300mg, tablets, 60 Tabs",Lamivudine/Zidovudine,Generic,150/300mg,Tablet - FDC,60,250,2065.0,8.26,0.14,"Aurobindo Unit III, India",No,See DN-2581 (ID#:82457),See DN-2581 (ID#:82457),2.9
30256,108-VN-T30,FPQ-5317,SCMS-69520,ASN-7485,Vietnam,PMO - US,Direct Drop,EXW,Air,3/22/10,3/29/10,3-Aug-10,3-Aug-10,3-Aug-10,ARV,Adult,STRIDES ARCOLAB LIMITED,"Nevirapine 200mg, tablets, 60 Tabs",Nevirapine,Generic,200mg,Tablet,60,4065,10569.0,2.6,0.04,"Strides, Bangalore, India.",Yes,497,6269.65,22.79
86400,114-UG-T30,FPQ-8048,SO-40220,DN-2313,Uganda,PMO - US,From RDC,N/A - From RDC,Truck,7/13/11,N/A - From RDC,22-Sep-11,26-Aug-11,26-Aug-11,ARV,Adult,SCMS from RDC,"Zidovudine 300mg, tablets, 60 Tabs",Zidovudine,Generic,300mg,Tablet,60,1684,11821.68,7.02,0.12,Hetero Unit III Hyderabad IN,No,See DN-2313 (ID#:85780),See DN-2313 (ID#:85780),19.51
22511,110-ZM-T30,FPQ-14790,SCMS-253023,ASN-31631,Zambia,PMO - US,Direct Drop,FCA,Air,8/13/14,8/20/14,23-Apr-15,23-Apr-15,23-Apr-15,ARV,Pediatric,ABBVIE LOGISTICS (FORMERLY ABBOTT LOGISTICS BV),"Lopinavir/Ritonavir 80/20mg/ml [Kaletra], oral solution, cool, Bottle 5 x 60 ml",Lopinavir/Ritonavir,Kaletra,80/20mg/ml,Oral solution,300,2266,69838.12,30.82,0.1,ABBVIE (Abbott) Logis. UK,Yes,2272,13949.95,71.79
53532,900-TZ-T30,FPQ-10396,SCMS-157661,ASN-17082,Tanzania,PMO - US,Direct Drop,EXW,Air,7/31/12,10/4/12,7-Dec-12,7-Dec-12,7-Dec-12,HRDT,HIV test,"Orgenics, Ltd","HIV 1/2, Determine Complete HIV Kit, 100 Tests","HIV 1/2, Determine Complete HIV Kit",Determine,,Test kit,100,2744,219520.0,80.0,0.8,"Alere Medical Co., Ltd.",Yes,1303,22223.95,307.77
83196,109-TZ-T30,FPQ-12587,SO-45995,DN-3458,Tanzania,PMO - US,From RDC,N/A - From RDC,Truck,7/4/13,N/A - From RDC,31-Dec-13,25-Feb-14,13-Mar-14,ARV,Adult,SCMS from RDC,"Emtricitabine/Tenofovir Disoproxil Fumarate 200/300mg, tablets, 30 Tabs",Emtricitabine/Tenofovir Disoproxil Fumarate,Generic,200/300mg,Tablet - FDC,30,2178,12784.86,5.87,0.2,"Aurobindo Unit III, India",Yes,2304,5989.25,15.81
69301,108-VN-T30,FPQ-15823,SCMS-277270,ASN-33526,Vietnam,PMO - US,Direct Drop,FCA,Air,2/13/15,3/4/15,14-Sep-15,14-Sep-15,14-Sep-15,ARV,Adult,ABBVIE LOGISTICS (FORMERLY ABBOTT LOGISTICS BV),"Lopinavir/Ritonavir 200/50mg [Aluvia], tablets, 120 Tabs",Lopinavir/Ritonavir,Aluvia,200/50mg,Tablet,120,4500,273600.0,60.8,0.51,ABBVIE Ludwigshafen Germany,No,See ASN-33526 (ID#:32150),See ASN-33526 (ID#:32150),322.03
67769,105-DO-T30,FPQ-12359,SCMS-202330,ASN-22277,Dominican Republic,PMO - US,Direct Drop,EXW,Air,6/4/13,8/7/13,29-Oct-13,29-Oct-13,1-Nov-13,HRDT,HIV test,"Standard Diagnostics, Inc.","HIV 1/2, Determine Complete HIV Kit, 100 Tests","HIV 1/2, Determine Complete HIV Kit",Determine,,Test kit,100,112,0.0,0.0,0.0,"Alere Medical Co., Ltd.",No,See ASN-22277 (ID#:61493),See ASN-22277 (ID#:61493),0.0
19335,102-SD-T30,FPQ-8264,SCMS-121850,ASN-13536,Sudan,PMO - US,Direct Drop,EXW,Air,9/7/11,9/14/11,20-Feb-12,20-Feb-12,20-Feb-12,HRDT,HIV test - Ancillary,"Orgenics, Ltd","Capillary Tubes, for Determine, EDTA, 50uL,100 Pcs","HIV, Capillary Tubes, for Determine, EDTA, 50uL,100 Pcs",Determine,,Test kit - Ancillary,100,3,24.0,8.0,0.08,"Alere Medical Co., Ltd.",Yes,2,1076.15,0.04
86294,151-NG-T30,FPQ-4537,SO-34913,DN-1780,Nigeria,PMO - US,From RDC,N/A - From RDC,Air Charter,11/6/09,N/A - From RDC,31-May-10,18-May-10,18-May-10,ARV,Adult,SCMS from RDC,"Efavirenz 600mg, tablets, 30 Tabs",Efavirenz,Generic,600mg,Tablet,30,12240,58140.0,4.75,0.16,"Aurobindo Unit III, India",Yes,1082,9736.1,125.35
52687,133-NG-T30,FPQ-14305,SCMS-240830,ASN-27468,Nigeria,PMO - US,Direct Drop,EXW,Air,5/16/14,6/2/14,19-Aug-14,27-Aug-14,4-Sep-14,HRDT,HIV test,"Orgenics, Ltd","HIV 1/2, Determine Complete HIV Kit, 100 Tests","HIV 1/2, Determine Complete HIV Kit",Determine,,Test kit,100,6340,564260.0,89.0,0.89,"Alere Medical Co., Ltd.",Yes,2571,37297.95,580.06
86675,104-CI-T30,FPQ-12800,SO-46431,DN-3638,Côte d'Ivoire,PMO - US,From RDC,N/A - From RDC,Truck,8/9/13,N/A - From RDC,30-Apr-14,25-Apr-14,11-Jun-14,ARV,Pediatric,SCMS from RDC,"Nevirapine 10mg/ml, oral suspension w/syringe, Bottle, 100 ml",Nevirapine,Generic,10mg/ml,Oral suspension,100,4000,5200.0,1.3,0.01,"Aurobindo Unit III, India",Yes,750,3138.81,6.43
10086,117-ET-T01,Pre-PQ Process,SCMS-32410,ASN-3259,Ethiopia,PMO - US,Direct Drop,EXW,Air,Pre-PQ Process,10/22/08,30-Jan-09,30-Jan-09,30-Jan-09,HRDT,HIV test,"CHEMBIO DIAGNOSTIC SYSTEMS, INC.","HIV 1/2, Stat-Pak HIV, Kit, 20 Tests","HIV 1/2, Stat-Pak HIV, Kit",Stat-Pak,,Test kit,20,3711,100197.0,27.0,1.35,Chembio Diagnostics Sys. Inc.,Yes,1341,6112.63,196.39
12761,114-UG-T01,Pre-PQ Process,SO-1820,DN-622,Uganda,PMO - US,From RDC,N/A - From RDC,,Pre-PQ Process,N/A - From RDC,11-Mar-08,11-Mar-08,11-Mar-08,ARV,Adult,SCMS from RDC,"Lamivudine/Nevirapine/Stavudine 150/200/30mg, tablets, 60 Tabs",Lamivudine/Nevirapine/Stavudine,Generic,150/200/30mg,Tablet - FDC,60,1860,13764.0,7.4,0.12,"Cipla, Goa, India",Yes,192,1617.52,22.02
32313,107-RW-T30,FPQ-6185,SCMS-84400,ASN-10663,Rwanda,PMO - US,Direct Drop,CIP,Air,9/3/10,9/27/10,25-Apr-11,25-Apr-11,25-Apr-11,ARV,Adult,Aurobindo Pharma Limited,"Didanosine 400mg, delayed-release capsules, 30 Caps",Didanosine,Generic,400mg,Delayed-release capsules,30,595,12048.75,20.25,0.68,"Aurobindo Unit III, India",Yes,87,255,25.98
69657,101-CD-T30,FPQ-16001,SCMS-280210,ASN-31750,"Congo, DRC",PMO - US,Direct Drop,EXW,Air,3/10/15,3/16/15,2-Jul-15,2-Jul-15,30-Jul-15,HRDT,HIV test,"Trinity Biotech, Plc","HIV 1/2, Uni-Gold HIV Kit, 20 Tests","HIV 1/2, Uni-Gold HIV Kit",Uni-Gold,,Test kit,20,214,6848.0,32.0,1.6,"Trinity Biotech, Plc",No,See ASN-31750 (ID#:19272),See ASN-31750 (ID#:19272),8.06
83206,111-MZ-T30,FPQ-12573,SO-46172,DN-3525,Mozambique,PMO - US,From RDC,N/A - From RDC,Truck,6/28/13,N/A - From RDC,31-Jan-14,20-Feb-14,19-Mar-14,ARV,Adult,SCMS from RDC,"Lamivudine/Nevirapine/Stavudine 150/200/30mg, tablets, 60 Tabs",Lamivudine/Nevirapine/Stavudine,Generic,150/200/30mg,Tablet - FDC,60,47205,203925.6,4.32,0.07,Hetero Unit III Hyderabad IN,No,See DN-3525 (ID#:82648),See DN-3525 (ID#:82648),252.26
70813,108-VN-T30,FPQ-10287,SCMS-156140,ASN-17077,Vietnam,PMO - US,Direct Drop,EXW,Air,7/25/12,8/14/12,10-Dec-12,10-Dec-12,10-Dec-12,ARV,Pediatric,Aurobindo Pharma Limited,"Nevirapine 10mg/ml, oral suspension w/syringe, Bottle, 240 ml",Nevirapine,Generic,10mg/ml,Oral suspension,240,436,850.2,1.95,0.01,"Aurobindo Unit III, India",No,See ASN-17077 (ID#:37031),See ASN-17077 (ID#:37031),1.19
82386,117-ET-T30,FPQ-7798,SO-39770,DN-2234,Ethiopia,PMO - US,From RDC,N/A - From RDC,Air,5/23/11,N/A - From RDC,21-Jun-11,1-Jun-11,1-Jun-11,ARV,Adult,SCMS from RDC,"Lamivudine/Tenofovir Disoproxil Fumarate 300/300mg, tablets, 30 Tabs",Lamivudine/Tenofovir Disoproxil Fumarate,Generic,300/300mg,Tablet - FDC,30,27558,237825.54,8.63,0.29,Mylan (formerly Matrix) Nashik,Yes,Weight Captured Separately,Invoiced Separately,392.41
84660,111-MZ-T30,FPQ-7053,SO-38660,DN-2269,Mozambique,PMO - US,From RDC,N/A - From RDC,Truck,1/24/11,N/A - From RDC,31-Aug-11,1-Sep-11,1-Sep-11,ARV,Adult,SCMS from RDC,"Lamivudine/Zidovudine 150/300mg, tablets, 60 Tabs",Lamivudine/Zidovudine,Generic,150/300mg,Tablet - FDC,60,39636,338887.8,8.55,0.14,"Aurobindo Unit III, India",Yes,3666,3525.04,559.16
83775,106-HT-T30,FPQ-13608,SO-47690,DN-3586,Haiti,PMO - US,From RDC,N/A - From RDC,Air,1/22/14,N/A - From RDC,30-Mar-14,24-Mar-14,6-May-14,ARV,Adult,SCMS from RDC,"Lopinavir/Ritonavir 200/50mg, tablets, 120 Tabs",Lopinavir/Ritonavir,Generic,200/50mg,Tablet,120,2000,40960.0,20.48,0.17,Mylan (formerly Matrix) Nashik,No,See DN-3586 (ID#:83224),See DN-3586 (ID#:83224),42.11
67541,151-NG-T30,FPQ-4574,SCMS-59990,ASN-6680,Nigeria,PMO - US,Direct Drop,FCA,Air,11/19/09,12/22/09,21-May-10,21-May-10,21-May-10,ARV,Adult,Hoffmann-La Roche ltd Basel,"Saquinavir 500mg [Invirase], tablets, 120 Tabs",Saquinavir,Invirase,500mg,Tablet,120,2106,207249.44,98.41,0.82,Roche Basel,Yes,Weight Captured Separately,Invoiced Separately,446.83
82437,101-CD-T30,FPQ-8840,SO-41138,DN-2500,"Congo, DRC",PMO - US,From RDC,N/A - From RDC,Air,11/21/11,N/A - From RDC,10-Feb-12,14-Feb-12,14-Feb-12,ARV,Adult,SCMS from RDC,"Lopinavir/Ritonavir 200/50mg, tablets, 120 Tabs",Lopinavir/Ritonavir,Generic,200/50mg,Tablet,120,147,4959.78,33.74,0.28,"Aurobindo Unit III, India",No,See DN-2500 (ID#:82436),See DN-2500 (ID#:82436),6.95
83793,110-ZM-T30,FPQ-13221,SO-47203,DN-3701,Zambia,PMO - US,From RDC,N/A - From RDC,Truck,10/31/13,N/A - From RDC,30-May-14,6-Jun-14,19-Jun-14,ARV,Adult,SCMS from RDC,"Lamivudine/Tenofovir Disoproxil Fumarate 300/300mg, tablets, 30 Tabs",Lamivudine/Tenofovir Disoproxil Fumarate,Generic,300/300mg,Tablet - FDC,30,166295,771608.8,4.64,0.15,Hetero Unit III Hyderabad IN,Yes,17177,29971.59,793.21
82480,151-NG-T30,FPQ-9432,SO-42332,DN-2687,Nigeria,PMO - US,From RDC,N/A - From RDC,Air Charter,3/1/12,N/A - From RDC,2-Aug-12,3-Jun-12,3-Jun-12,ARV,Adult,SCMS from RDC,"Efavirenz 600mg, tablets, 30 Tabs",Efavirenz,Generic,600mg,Tablet,30,70000,273700.0,3.91,0.13,"Strides, Bangalore, India.",Yes,6889,17090,383.73
25127,116-ZA-T30,FPQ-4359,SCMS-54980,ASN-5373,South Africa,PMO - US,Direct Drop,DDP,Truck,10/8/09,10/15/09,19-Oct-09,19-Oct-09,19-Oct-09,ARV,Pediatric,S. BUYS WHOLESALER,"Didanosine 100mg [Videx],chewable tablets, 60 Tabs",Didanosine,Videx,100mg,Chewable/dispersible tablet,60,10,162.9,16.29,0.27,"BMS Meymac, France",No,Weight Captured Separately,Freight Included in Commodity Cost,0.32
33050,104-CI-T30,FPQ-13629,SCMS-228890,ASN-30737,Côte d'Ivoire,PMO - US,Direct Drop,FCA,Air,1/31/14,3/3/14,10-Mar-15,10-Mar-15,10-Mar-15,ARV,Pediatric,ABBVIE LOGISTICS (FORMERLY ABBOTT LOGISTICS BV),"Lopinavir/Ritonavir 80/20mg/ml [Kaletra], oral solution, cool, Bottle 5 x 60 ml",Lopinavir/Ritonavir,Kaletra,80/20mg/ml,Oral solution,300,500,15410.0,30.82,0.1,ABBVIE (Abbott) Logis. UK,Yes,632,7514.75,15.84
85698,151-NG-T30,FPQ-5688,SO-36933,DN-1977,Nigeria,PMO - US,From RDC,N/A - From RDC,Air Charter,5/27/10,N/A - From RDC,31-Aug-10,17-Aug-10,17-Aug-10,ARV,Adult,SCMS from RDC,"Lamivudine/Nevirapine/Zidovudine 150/200/300mg, tablets, 60 Tabs",Lamivudine/Nevirapine/Zidovudine,Generic,150/300/200mg,Tablet - FDC,60,15000,168300.0,11.22,0.19,"Aurobindo Unit III, India",Yes,1972,6147.18,362.85
86706,111-MZ-T30,FPQ-13124,SO-47040,DN-3809,Mozambique,PMO - US,From RDC,N/A - From RDC,Truck,10/21/13,N/A - From RDC,15-Aug-14,15-Aug-14,25-Aug-14,ARV,Adult,SCMS from RDC,"Zidovudine 300mg, tablets, 60 Tabs",Zidovudine,Generic,300mg,Tablet,60,57870,314812.8,5.44,0.09,"Aurobindo Unit III, India",No,See DN-3809 (ID#:84950),See DN-3809 (ID#:84950),323.63
48958,101-CD-T30,FPQ-13548,SCMS-224840,ASN-24721,"Congo, DRC",PMO - US,Direct Drop,EXW,Air,1/22/14,1/28/14,4-Apr-14,4-Apr-14,28-Apr-14,HRDT,HIV test,"Trinity Biotech, Plc","HIV 1/2, Uni-Gold HIV Kit, 20 Tests","HIV 1/2, Uni-Gold HIV Kit",Uni-Gold,,Test kit,20,30,960.0,32.0,1.6,"Trinity Biotech, Plc",No,See ASN-24721 (ID#:13708),See ASN-24721 (ID#:13708),0.99
11033,109-TZ-T01,Pre-PQ Process,SO-18740,DN-1180,Tanzania,PMO - US,From RDC,N/A - From RDC,Truck,Pre-PQ Process,N/A - From RDC,11-May-09,11-May-09,11-May-09,ARV,Adult,SCMS from RDC,"Emtricitabine/Tenofovir Disoproxil Fumarate 200/300mg [Truvada], tablets, 30 Tabs",Emtricitabine/Tenofovir Disoproxil Fumarate,Truvada,300/200mg,Tablet - FDC,30,37440,982800.0,26.25,0.88,"Aspen-OSD, Port Elizabeth, SA",Yes,5712,5873,1926.29
7398,104-CI-T01,Pre-PQ Process,SCMS-30410,ASN-2712,Côte d'Ivoire,PMO - US,Direct Drop,EXW,Air,Pre-PQ Process,9/18/08,24-Nov-08,24-Nov-08,24-Nov-08,HRDT,HIV test,BIO-RAD LABORATORIES (FRANCE),"#108853** HIV, Genie II HIV-1/HIV-2 Kit, 40 Tests","HIV, Genie II HIV-1/HIV-2 Kit",Genie,,Test kit,40,603,45828.0,76.0,1.9,Bio-Rad Laboratories,Yes,679,9698.22,89.82
58305,109-TZ-T30,FPQ-10809,SCMS-162830,ASN-17278,Tanzania,PMO - US,Direct Drop,EXW,Air,10/11/12,10/18/12,2-Jan-13,2-Jan-13,2-Jan-13,HRDT,HIV test,"Trinity Biotech, Plc","HIV 1/2, Uni-Gold HIV Kit, 20 Tests","HIV 1/2, Uni-Gold HIV Kit",Uni-Gold,,Test kit,20,383,12256.0,32.0,1.6,"Trinity Biotech, Plc",Yes,125,1908.34,15.16
47084,116-ZA-T30,FPQ-14942,SCMS-295800,ASN-33865,South Africa,PMO - US,Direct Drop,DDP,Truck,9/11/14,8/24/15,24-Aug-15,24-Aug-15,24-Aug-15,ARV,Adult,PHARMACY DIRECT,"Tenofovir Disoproxil Fumarate 300mg, tablets, 30 Tabs",Tenofovir Disoproxil Fumarate,Generic,300mg,Tablet,30,30,445.57,14.85,0.5,Mylan (formerly Matrix) Nashik,No,Weight Captured Separately,Freight Included in Commodity Cost,0.46
17373,111-MZ-T30,FPQ-4740,SCMS-62340,ASN-7341,Mozambique,PMO - US,Direct Drop,CIP,Air,12/23/09,1/29/10,23-Jun-10,23-Jun-10,23-Jun-10,ARV,Adult,INTERNATIONAL HEALTHCARE DISTRIBUTORS,"Ritonavir 100mg [Norvir], capsules, cool, 84 Caps",Ritonavir,Norvir,100mg,Capsule,84,320,3312.0,10.35,0.12,ABBVIE (Abbott) Logis. UK,Yes,Weight Captured Separately,Freight Included in Commodity Cost,7.14
12481,109-TZ-T01,Pre-PQ Process,SO-2560,DN-826,Tanzania,PMO - US,From RDC,N/A - From RDC,Air,Pre-PQ Process,N/A - From RDC,29-Jul-08,29-Jul-08,29-Jul-08,ARV,Adult,SCMS from RDC,"Lamivudine/Zidovudine 150/300mg, tablets, 60 Tabs",Lamivudine/Zidovudine,Generic,150/300mg,Tablet - FDC,60,122590,1158475.5,9.45,0.16,"Aurobindo Unit III, India",No,See DN-826 (ID#:10674),See DN-826 (ID#:10674),1853.56
83305,114-UG-T30,FPQ-15638,SO-50640,DN-4105,Uganda,PMO - US,From RDC,N/A - From RDC,Truck,12/22/14,N/A - From RDC,27-Feb-15,25-Feb-15,5-Mar-15,ARV,Adult,SCMS from RDC,"Lopinavir/Ritonavir 200/50mg [Aluvia], tablets, 120 Tabs",Lopinavir/Ritonavir,Aluvia,200/50mg,Tablet,120,9833,185843.7,18.9,0.16,ABBVIE Ludwigshafen Germany,Yes,2033,9482.19,218.74
84017,151-NG-T30,FPQ-5023,SO-36503,DN-1916,Nigeria,PMO - US,From RDC,N/A - From RDC,Air,2/10/10,N/A - From RDC,15-Jul-10,28-Jun-10,28-Jun-10,ARV,Adult,SCMS from RDC,"Zidovudine 300mg, tablets, 60 Tabs",Zidovudine,Generic,300mg,Tablet,60,200,1500.0,7.5,0.12,"Aurobindo Unit III, India",Yes,11,Freight Included in Commodity Cost,3.23
32540,102-GY-T30,FPQ-6983,SCMS-97160,ASN-10064,Guyana,PMO - US,Direct Drop,EXW,Air,1/5/11,2/2/11,12-Apr-11,12-Apr-11,12-Apr-11,HRDT,HIV test,"Orgenics, Ltd","HIV 1/2, Determine Complete HIV Kit, 100 Tests","HIV 1/2, Determine Complete HIV Kit",Determine,,Test kit,100,418,41800.0,100.0,1.0,Inverness Japan,Yes,205,6455.37,68.97
83256,111-MZ-T30,FPQ-14226,SO-48883,DN-3875,Mozambique,PMO - US,From RDC,N/A - From RDC,Truck,5/2/14,N/A - From RDC,31-Dec-14,30-Oct-14,7-Nov-14,ARV,Adult,SCMS from RDC,"Efavirenz/Lamivudine/Tenofovir Disoproxil Fumarate 600/300/300mg, tablets, 30 Tabs",Efavirenz/Lamivudine/Tenofovir Disoproxil Fumarate,Generic,600/300/300mg,Tablet - FDC,30,36000,388080.0,10.78,0.36,Cipla Ltd A-42 MIDC Mahar. IN,No,See DN-3875 (ID#:83255),See DN-3875 (ID#:83255),398.95
83340,151-NG-T30,FPQ-14989,SO-51427,DN-4290,Nigeria,PMO - US,From RDC,N/A - From RDC,Air Charter,9/19/14,N/A - From RDC,30-Jun-15,2-Jun-15,17-Jun-15,ARV,Adult,SCMS from RDC,"Lamivudine/Nevirapine/Zidovudine 150/200/300mg, tablets, 60 Tabs",Lamivudine/Nevirapine/Zidovudine,Generic,150/300/200mg,Tablet - FDC,60,177285,1368640.2,7.72,0.13,Mylan (formerly Matrix) Nashik,Yes,41904,84944.83,1406.96
46130,108-VN-T30,FPQ-12539,SCMS-199830,ASN-23666,Vietnam,PMO - US,Direct Drop,EXW,Air,7/11/13,8/2/13,17-Feb-14,17-Feb-14,15-Mar-14,ARV,Adult,MYLAN LABORATORIES LTD (FORMERLY MATRIX LABORATORIES),"Efavirenz/Lamivudine/Tenofovir Disoproxil Fumarate 600/300/300mg, tablets, 30 Tabs",Efavirenz/Lamivudine/Tenofovir Disoproxil Fumarate,Generic,600/300/300mg,Tablet - FDC,30,40593,452611.95,11.15,0.37,Mylan (formerly Matrix) Nashik,Yes,4585,6881.65,559.88
46895,133-NG-T30,FPQ-12812,SCMS-210341,ASN-24162,Nigeria,PMO - US,Direct Drop,EXW,Air,8/13/13,11/1/13,6-Feb-14,6-Feb-14,7-Feb-14,HRDT,HIV test,"CHEMBIO DIAGNOSTIC SYSTEMS, INC.","HIV 1/2, Stat-Pak HIV, Kit, 20 Tests","HIV 1/2, Stat-Pak HIV, Kit",Stat-Pak,,Test kit,20,3487,111584.0,32.0,1.6,Chembio Diagnostics Sys. Inc.,Yes,1252,5850.25,138.03
83507,100-BJ-T30,FPQ-7658,SO-39810,DN-2250,Benin,PMO - US,From RDC,N/A - From RDC,Air,5/15/11,N/A - From RDC,13-Jun-11,30-Jun-11,30-Jun-11,ARV,Adult,SCMS from RDC,"Lopinavir/Ritonavir 200/50mg [Aluvia], tablets, 120 Tabs",Lopinavir/Ritonavir,Aluvia,200/50mg,Tablet,120,611,20615.14,33.74,0.28,ABBVIE Ludwigshafen Germany,Yes,129,6477.67,34.01
84508,114-UG-T30,FPQ-4275,SO-33980,DN-1517,Uganda,PMO - US,From RDC,N/A - From RDC,Air,9/17/09,N/A - From RDC,27-Nov-09,2-Dec-09,2-Dec-09,ARV,Adult,SCMS from RDC,"Nevirapine 200mg, tablets, 60 Tabs",Nevirapine,Generic,200mg,Tablet,60,10453,30313.7,2.9,0.05,"Aurobindo Unit III, India",Yes,1001,3228.26,59.41
10614,104-CI-T01,Pre-PQ Process,SO-923,DN-336,Côte d'Ivoire,PMO - US,From RDC,N/A - From RDC,,Pre-PQ Process,N/A - From RDC,21-Sep-07,21-Sep-07,21-Sep-07,ARV,Adult,SCMS from RDC,"Lamivudine/Zidovudine 150/300mg, tablets, 60 Tabs",Lamivudine/Zidovudine,Generic,150/300mg,Tablet - FDC,60,11803,126056.04,10.68,0.18,"Aurobindo Unit III, India",Yes,1148,2762,201.69
73152,106-HT-T30,FPQ-15038,SCMS-263170,ASN-31572,Haiti,PMO - US,Direct Drop,EXW,Air,10/22/14,12/24/14,11-May-15,11-May-15,13-May-15,ARV,Adult,Aurobindo Pharma Limited,"Lamivudine/Zidovudine 150/300mg, tablets, 60 Tabs",Lamivudine/Zidovudine,Generic,150/300mg,Tablet - FDC,60,19987,135311.99,6.77,0.11,"Aurobindo Unit III, India",No,See ASN-31572 (ID#:24983),See ASN-31572 (ID#:24983),139.1
85637,104-CI-T30,FPQ-3964,SO-34501,DN-1543,Côte d'Ivoire,PMO - US,From RDC,N/A - From RDC,Air,7/24/09,N/A - From RDC,1-Dec-09,2-Dec-09,2-Dec-09,ARV,Adult,SCMS from RDC,"Zidovudine 300mg, tablets, 60 Tabs",Zidovudine,Generic,300mg,Tablet,60,8430,63477.9,7.53,0.13,"Aurobindo Unit III, India",Yes,546,1211.48,124.42
73757,110-ZM-T30,FPQ-14790,SCMS-253022,ASN-31640,Zambia,PMO - US,Direct Drop,FCA,Air,8/13/14,8/20/14,18-May-15,18-May-15,19-May-15,ARV,Pediatric,ABBVIE LOGISTICS (FORMERLY ABBOTT LOGISTICS BV),"Lopinavir/Ritonavir 80/20mg/ml [Kaletra], oral solution, cool, Bottle 5 x 60 ml",Lopinavir/Ritonavir,Kaletra,80/20mg/ml,Oral solution,300,2265,69807.3,30.82,0.1,ABBVIE (Abbott) Logis. UK,Yes,2272,13303.8,71.76
82815,114-UG-T30,FPQ-15294,SO-50055,DN-4325,Uganda,PMO - US,From RDC,N/A - From RDC,Truck,11/3/14,N/A - From RDC,14-Aug-15,8-Aug-15,10-Aug-15,ARV,Adult,SCMS from RDC,"Abacavir/Lamivudine 600/300mg, tablets, 30 Tabs",Abacavir/Lamivudine,Generic,600/300mg,Tablet - FDC,30,6324,82907.64,13.11,0.44,Mylan (formerly Matrix) Nashik,Yes,Weight Captured Separately,Invoiced Separately,97.58
85253,110-ZM-T30,FPQ-8476,SO-40955,DN-2624,Zambia,PMO - US,From RDC,N/A - From RDC,Truck,9/27/11,N/A - From RDC,15-May-12,30-Apr-12,30-Apr-12,ARV,Adult,SCMS from RDC,"Lamivudine/Zidovudine 150/300mg, tablets, 60 Tabs",Lamivudine/Zidovudine,Generic,150/300mg,Tablet - FDC,60,96655,773240.0,8.0,0.13,"Cipla, Goa, India",No,See DN-2624 (ID#:83584),See DN-2624 (ID#:83584),1275.85
84170,110-ZM-T30,FPQ-9081,SO-41280,DN-2659,Zambia,PMO - US,From RDC,N/A - From RDC,Truck,12/22/11,N/A - From RDC,1-Jun-12,28-May-12,28-May-12,ARV,Adult,SCMS from RDC,"Nevirapine 200mg, tablets, 60 Tabs",Nevirapine,Generic,200mg,Tablet,60,13127,32948.77,2.51,0.04,"Aurobindo Unit III, India",Yes,1252,6079.27,46.19
83901,111-MZ-T30,FPQ-15195,SO-50140,DN-4191,Mozambique,PMO - US,From RDC,N/A - From RDC,Truck,10/17/14,N/A - From RDC,31-May-15,13-May-15,15-May-15,ARV,Adult,SCMS from RDC,"Efavirenz/Lamivudine/Tenofovir Disoproxil Fumarate 600/300/300mg, tablets, 30 Tabs",Efavirenz/Lamivudine/Tenofovir Disoproxil Fumarate,Generic,600/300/300mg,Tablet - FDC,30,122449,1175510.4,9.6,0.32,Mylan (formerly Matrix) Nashik,No,See DN-4191 (ID#:83900),See DN-4191 (ID#:83900),1383.58
7007,108-VN-T01,Pre-PQ Process,SCMS-19630,ASN-1718,Vietnam,PMO - US,Direct Drop,DDU,Truck,Pre-PQ Process,3/21/08,12-May-08,16-Apr-08,16-Apr-08,ARV,Adult,CENTRAL PHARMACEUTICAL COMPANY NO. 1,"Tenofovir Disoproxil Fumarate 300mg [Viread], tablets, 30 Tabs",Tenofovir Disoproxil Fumarate,Viread,300mg,Tablet,30,1968,40717.92,20.69,0.69,Gilead(Nycomed) Oranienburg DE,Yes,Weight Captured Separately,1401.49,65.15
80616,104-CI-T30,FPQ-6897,SCMS-100980,ASN-10406,Côte d'Ivoire,PMO - US,Direct Drop,FCA,Air,1/5/11,3/24/11,30-Jun-11,30-Jun-11,30-Jun-11,ARV,Adult,ABBVIE LOGISTICS (FORMERLY ABBOTT LOGISTICS BV),"Lopinavir/Ritonavir 200/50mg [Aluvia], tablets, 120 Tabs",Lopinavir/Ritonavir,Aluvia,200/50mg,Tablet,120,9517,320722.9,33.7,0.28,ABBVIE Ludwigshafen Germany,Yes,2368,17068.85,529.19
85687,151-NG-T30,FPQ-5023,SO-36530,DN-1924,Nigeria,PMO - US,From RDC,N/A - From RDC,Air,2/10/10,N/A - From RDC,15-Jul-10,28-Jun-10,28-Jun-10,ARV,Adult,SCMS from RDC,"Lamivudine/Zidovudine+Efavirenz 150/300mg+600mg, tablets, co-blister 60+30 Tabs",Lamivudine/Zidovudine+Efavirenz,Generic,150/300mg+600mg,Tablet - FDC + co-blister,90,213,4473.0,21.0,0.23,"Strides, Bangalore, India.",No,Weight Captured Separately,Freight Included in Commodity Cost,9.64
35250,108-VN-T30,FPQ-13524,SCMS-226190,ASN-27099,Vietnam,PMO - US,Direct Drop,FCA,Air,2/6/14,3/10/14,18-Aug-14,18-Aug-14,25-Aug-14,ARV,Adult,ABBVIE LOGISTICS (FORMERLY ABBOTT LOGISTICS BV),"Ritonavir 100mg [Norvir], film coated tablets, 30 Tabs",Ritonavir,Norvir,100mg,Tablet,30,300,6978.0,23.26,0.78,ABBVIE Ludwigshafen Germany,Yes,38,1779.09,7.17
11113,100-CI-T01,Pre-PQ Process,SO-394,DN-61,Côte d'Ivoire,PMO - US,From RDC,N/A - From RDC,,Pre-PQ Process,N/A - From RDC,4-May-07,4-May-07,4-May-07,ARV,Adult,SCMS from RDC,"Lamivudine/Zidovudine 150/300mg, tablets, 60 Tabs",Lamivudine/Zidovudine,Generic,150/300mg,Tablet - FDC,60,10000,102500.0,10.25,0.17,"Aurobindo Unit III, India",Yes,980,3179,
11100,110-ZM-T01,Pre-PQ Process,SO-310,DN-122,Zambia,PMO - US,From RDC,N/A - From RDC,,Pre-PQ Process,N/A - From RDC,4-May-07,4-May-07,4-May-07,ARV,Adult,SCMS from RDC,"Abacavir 300mg, tablets, 60 Tabs",Abacavir,Generic,300mg,Tablet,60,1000,35800.0,35.8,0.6,"Aurobindo Unit III, India",Yes,4436,18375.7,
2685,110-ZM-T01,Pre-PQ Process,SCMS-163,ASN-123,Zambia,PMO - US,Direct Drop,EXW,Air,Pre-PQ Process,Date Not Captured,20-Dec-06,20-Dec-06,20-Dec-06,ARV,Adult,Aurobindo Pharma Limited,"Efavirenz 600mg, tablets, 30 Tabs",Efavirenz,Generic,600mg,Tablet,30,60784,1018132.0,16.75,0.56,"Aurobindo Unit III, India",Yes,11179,49824.57,
83440,151-NG-T30,FPQ-5023,SO-36520,DN-1921,Nigeria,PMO - US,From RDC,N/A - From RDC,Air,2/10/10,N/A - From RDC,15-Jul-10,28-Jun-10,28-Jun-10,ARV,Pediatric,SCMS from RDC,"Efavirenz 200mg, capsule, 90 Caps",Efavirenz,Generic,200mg,Capsule,90,1000,9710.0,9.71,0.11,"Aurobindo Unit III, India",Yes,120,Freight Included in Commodity Cost,20.93
31363,116-ZA-T30,FPQ-13035,SCMS-215370,ASN-24415,South Africa,PMO - US,Direct Drop,DDP,Truck,10/8/13,12/2/13,6-Feb-14,6-Feb-14,6-Feb-14,ARV,Pediatric,S. BUYS WHOLESALER,"Lamivudine 10mg/ml, oral solution, Bottle, 240 ml",Lamivudine,Generic,10mg/ml,Oral solution,240,4,27.35,6.84,0.03,"Cipla, Goa, India",No,Weight Captured Separately,Freight Included in Commodity Cost,0.03
83577,102-BI-T30,FPQ-9229,SO-41540,DN-2595,Burundi,PMO - US,From RDC,N/A - From RDC,Air,1/25/12,N/A - From RDC,26-Apr-12,9-Apr-12,9-Apr-12,ARV,Pediatric,SCMS from RDC,"Zidovudine 10mg/ml, oral solution w/syringe, Bottle, 240 ml",Zidovudine,Generic,10mg/ml,Oral solution,240,180,378.0,2.1,0.01,"Aurobindo Unit III, India",Yes,327,5320.13,0.53
12574,106-HT-T01,Pre-PQ Process,SO-24870,DN-1218,Haiti,PMO - US,From RDC,N/A - From RDC,Air,Pre-PQ Process,N/A - From RDC,22-May-09,22-May-09,22-May-09,ARV,Pediatric,SCMS from RDC,"Efavirenz 30mg/ml [Stocrin/Sustiva], oral solution, Bottle, 180 ml",Efavirenz,Stocrin/Sustiva,30mg/ml,Oral solution,180,98,1662.08,16.96,0.09,"MSD, Haarlem, NL",Yes,28,988.24,3.26
29479,108-VN-T30,FPQ-14516,SCMS-249041,ASN-29769,Vietnam,PMO - US,Direct Drop,EXW,Air,7/9/14,11/24/14,5-Feb-15,5-Feb-15,24-Feb-15,ARV,Adult,MYLAN LABORATORIES LTD (FORMERLY MATRIX LABORATORIES),"Abacavir 300mg, tablets, 60 Tabs",Abacavir,Generic,300mg,Tablet,60,900,9981.0,11.09,0.18,Mylan (formerly Matrix) Nashik,Yes,100,2504.65,10.26
12198,111-MZ-T01,Pre-PQ Process,SO-1615,DN-698,Mozambique,PMO - US,From RDC,N/A - From RDC,Air,Pre-PQ Process,N/A - From RDC,23-Jun-08,23-Jun-08,23-Jun-08,ARV,Adult,SCMS from RDC,"Ritonavir 100mg [Norvir], capsules, cool, 84 Caps",Ritonavir,Norvir,100mg,Capsule,84,360,3452.4,9.59,0.11,ABBVIE (Abbott) Logis. UK,No,See DN-698 (ID#:10970),See DN-698 (ID#:10970),5.52
13151,111-MZ-T30,FPQ-8116,SCMS-118360,ASN-13217,Mozambique,PMO - US,Direct Drop,EXW,Air,8/4/11,8/24/11,12-Dec-11,30-Nov-11,30-Nov-11,HRDT,HIV test,"Orgenics, Ltd","HIV 1/2, Determine HIV Kit, without Lancets, 100 Tests","HIV 1/2, Determine HIV Kit, without Lancets",Determine,,Test kit,100,1,77.7,77.7,0.78,Inverness Japan,Yes,Weight Captured Separately,Invoiced Separately,0.13
12122,104-CI-T01,Pre-PQ Process,SO-1245,DN-423,Côte d'Ivoire,PMO - US,From RDC,N/A - From RDC,Air,Pre-PQ Process,N/A - From RDC,13-Nov-07,13-Nov-07,13-Nov-07,ARV,Adult,SCMS from RDC,"Ritonavir 100mg [Norvir], capsules, cool, 4 x 84 Caps",Ritonavir,Norvir,100mg,Capsule,336,1200,46032.0,38.36,0.11,ABBVIE (Abbott) France,No,See DN-423 (ID#:11194),See DN-423 (ID#:11194),73.65
21573,101-CD-T30,FPQ-13548,SCMS-224850,ASN-25795,"Congo, DRC",PMO - US,Direct Drop,DDP,Truck,1/22/14,1/30/14,7-Apr-14,7-Apr-14,23-Apr-14,HRDT,HIV test - Ancillary,WAGENIA,"Chase Buffer, Determine, 100 Tests, 2.5ml x 1 Vial","Chase Buffer, Determine, 100 Tests, 2.5ml x 1 Vial",Determine,,Test kit - Ancillary,1,2500,18775.0,7.51,7.51,"Alere Medical Co., Ltd.",Yes,Weight Captured Separately,Freight Included in Commodity Cost,19.3
27238,102-SD-T30,FPQ-8261,SCMS-120470,ASN-13278,Sudan,PMO - US,Direct Drop,EXW,Air,8/29/11,9/7/11,7-Feb-12,7-Feb-12,7-Feb-12,HRDT,HIV test,"Trinity Biotech, Plc","HIV 1/2, Uni-Gold HIV Kit, 20 Tests","HIV 1/2, Uni-Gold HIV Kit",Uni-Gold,,Test kit,20,53,1696.0,32.0,1.6,"Trinity Biotech, Plc",Yes,18,569.11,2.8
86360,202-GT-T30,FPQ-6943,SO-38260,DN-2089,Guatemala,PMO - US,From RDC,N/A - From RDC,Air,12/29/10,N/A - From RDC,31-Jan-11,24-Jan-11,24-Jan-11,ARV,Adult,SCMS from RDC,"Nevirapine 200mg, tablets, 60 Tabs",Nevirapine,Generic,200mg,Tablet,60,879,2267.82,2.58,0.04,"Aurobindo Unit III, India",No,See DN-2089 (ID#:83478),See DN-2089 (ID#:83478),3.74
37052,116-ZA-T30,FPQ-12522,SCMS-199283,ASN-27979,South Africa,PMO - US,Direct Drop,DDP,Truck,7/11/13,8/27/14,27-Aug-14,27-Aug-14,27-Aug-14,ARV,Adult,S. BUYS WHOLESALER,"Didanosine 250mg, delayed-release capsules, 30 Caps",Didanosine,Generic,250mg,Delayed-release capsules,30,7,119.16,17.02,0.57,"Aurobindo Unit III, India",No,Weight Captured Separately,Freight Included in Commodity Cost,0.15
84297,110-ZM-T30,FPQ-12066,SO-45091,DN-3361,Zambia,PMO - US,From RDC,N/A - From RDC,Truck,4/19/13,N/A - From RDC,29-Nov-13,29-Nov-13,12-Dec-13,ARV,Adult,SCMS from RDC,"Nevirapine 200mg, tablets, 60 Tabs",Nevirapine,Generic,200mg,Tablet,60,9984,22563.84,2.26,0.04,"Cipla, Goa, India",No,See DN-3361 (ID#:83172),See DN-3361 (ID#:83172),27.91
26843,102-SD-T30,FPQ-8261,SCMS-120463,ASN-12332,Sudan,PMO - US,Direct Drop,EXW,Air,8/29/11,9/7/11,11-Jan-12,11-Jan-12,11-Jan-12,HRDT,HIV test,"Trinity Biotech, Plc","HIV 1/2, Uni-Gold HIV Kit, 20 Tests","HIV 1/2, Uni-Gold HIV Kit",Uni-Gold,,Test kit,20,11,352.0,32.0,1.6,"Trinity Biotech, Plc",Yes,5,578.73,0.58
29274,102-KE-T30,FPQ-3976,SCMS-52790,ASN-5002,Kenya,PMO - US,Direct Drop,EXW,Air,7/20/09,9/3/09,23-Oct-09,23-Oct-09,23-Oct-09,HRDT,HIV test,"Standard Diagnostics, Inc.","HIV 1/2, Bioline 3.0 Kit, (no accessories), 30 Tests","HIV 1/2, Bioline 3.0 Kit (no accessories)",Bioline,,Test kit,30,12000,288000.0,24.0,0.8,"Standard Diagnostics, Korea",Yes,3733,29039.18,564.48
63228,116-ZA-T30,FPQ-13973,SCMS-238550,ASN-30792,South Africa,PMO - US,Direct Drop,DDP,Truck,4/30/14,5/8/14,19-Feb-15,19-Feb-15,19-Feb-15,ARV,Adult,PHARMACY DIRECT,"Zidovudine 300mg, tablets, 60 Tabs",Zidovudine,Generic,300mg,Tablet,60,3,74.86,24.95,0.42,"Aurobindo Unit III, India",No,Weight Captured Separately,Freight Included in Commodity Cost,0.08
78314,107-RW-T30,FPQ-5792,SCMS-75810,ASN-9743,Rwanda,PMO - US,Direct Drop,EXW,Air,6/7/10,7/21/10,17-Feb-11,17-Feb-11,17-Feb-11,HRDT,HIV test,"Orgenics, Ltd","HIV 1/2, Determine HIV Kit, without Lancets, 100 Tests","HIV 1/2, Determine HIV Kit, without Lancets",Determine,,Test kit,100,5000,388500.0,77.7,0.78,Inverness Japan,Yes,1134,15367.03,837.61
10958,110-ZM-T01,Pre-PQ Process,SO-1885,DN-711,Zambia,PMO - US,From RDC,N/A - From RDC,,Pre-PQ Process,N/A - From RDC,9-May-08,9-May-08,9-May-08,ARV,Adult,SCMS from RDC,"Lamivudine/Zidovudine 150/300mg, tablets, 60 Tabs",Lamivudine/Zidovudine,Generic,150/300mg,Tablet - FDC,60,50000,472500.0,9.45,0.16,"Aurobindo Unit III, India",Yes,4657,2348.92,756.0
9530,100-HT-T01,Pre-PQ Process,SCMS-15490,ASN-4374,Haiti,PMO - US,Direct Drop,EXW,Air,Pre-PQ Process,1/8/08,6-Jul-09,6-Jul-09,6-Jul-09,HRDT,HIV test,"Trinity Biotech, Plc","HIV 1/2, Capillus HIV Kit, 100 Tests","HIV 1/2, Capillus HIV Kit",Capillus,,Test kit,100,3,417.0,139.0,1.39,"Trinity Biotech, Plc",Yes,2,1800.33,0.82
10645,104-CI-T01,Pre-PQ Process,SO-1408,DN-478,Côte d'Ivoire,PMO - US,From RDC,N/A - From RDC,Air,Pre-PQ Process,N/A - From RDC,10-Dec-07,10-Dec-07,10-Dec-07,ARV,Adult,SCMS from RDC,"Nevirapine 200mg, tablets, 60 Tabs",Nevirapine,Generic,200mg,Tablet,60,8000,27200.0,3.4,0.06,"Strides, Bangalore, India.",Yes,1013,3646,43.52
43635,108-VN-T30,FPQ-12539,SCMS-199820,ASN-23647,Vietnam,PMO - US,Direct Drop,EXW,Air,7/11/13,8/2/13,13-Jun-14,13-Jun-14,31-Jul-14,ARV,Adult,MYLAN LABORATORIES LTD (FORMERLY MATRIX LABORATORIES),"Efavirenz/Lamivudine/Tenofovir Disoproxil Fumarate 600/300/300mg, tablets, 30 Tabs",Efavirenz/Lamivudine/Tenofovir Disoproxil Fumarate,Generic,600/300/300mg,Tablet - FDC,30,13907,155063.05,11.15,0.37,Mylan (formerly Matrix) Nashik,Yes,1578,2689.85,191.81
85393,114-UG-T30,FPQ-12253,SO-45480,DN-3270,Uganda,PMO - US,From RDC,N/A - From RDC,Air,5/8/13,N/A - From RDC,5-Sep-13,5-Sep-13,5-Sep-13,ARV,Adult,SCMS from RDC,"Lamivudine/Nevirapine/Zidovudine 150/200/300mg, tablets, 60 Tabs",Lamivudine/Nevirapine/Zidovudine,Generic,150/300/200mg,Tablet - FDC,60,50000,413000.0,8.26,0.14,Mylan (formerly Matrix) Nashik,Yes,6481,36226.26,510.88
83827,103-SS-T30,FPQ-14409,SO-49120,DN-3842,South Sudan,PMO - US,From RDC,N/A - From RDC,Air,6/5/14,N/A - From RDC,1-Sep-14,1-Sep-14,2-Sep-14,ARV,Pediatric,SCMS from RDC,"Efavirenz 200mg, scored tablets, 90 Tabs",Efavirenz,Generic,200mg,Tablet,90,1016,9448.8,9.3,0.1,"Strides, Bangalore, India.",No,See DN-3842 (ID#:82706),See DN-3842 (ID#:82706),9.71
19851,114-UG-T30,FPQ-12777,SCMS-202560,ASN-22984,Uganda,PMO - US,Direct Drop,EXW,Air,8/5/13,8/9/13,10-Dec-13,12-Dec-13,13-Dec-13,ARV,Pediatric,Aurobindo Pharma Limited,"Nevirapine 10mg/ml, oral suspension w/syringe, Bottle, 100 ml",Nevirapine,Generic,10mg/ml,Oral suspension,100,11310,14703.0,1.3,0.01,"Aurobindo Unit III, India",Yes,2454,10898.12,18.19
46411,104-CI-T30,FPQ-12135,SCMS-188310,ASN-23737,Côte d'Ivoire,PMO - US,Direct Drop,EXW,Air,4/18/13,5/21/13,22-Jan-14,22-Jan-14,27-Jan-14,HRDT,HIV test,"Orgenics, Ltd","HIV 1/2, Determine Complete HIV Kit, 100 Tests","HIV 1/2, Determine Complete HIV Kit",Determine,,Test kit,100,4400,352000.0,80.0,0.8,"Alere Medical Co., Ltd.",Yes,1808,23237.62,435.42
12691,100-ZW-T01,Pre-PQ Process,SO-1074,DN-354,Zimbabwe,PMO - US,From RDC,N/A - From RDC,Truck,Pre-PQ Process,N/A - From RDC,18-Sep-07,18-Sep-07,18-Sep-07,ARV,Adult,SCMS from RDC,"Lamivudine/Stavudine 150/30mg, tablets, 30 Tabs",Lamivudine/Stavudine,Generic,150/30mg,Tablet - FDC,30,1600,3200.0,2.0,0.07,"Cipla, Goa, India",No,See DN-354 (ID#:10597),See DN-354 (ID#:10597),5.12
11007,106-HT-T01,Pre-PQ Process,SO-23750,DN-1100,Haiti,PMO - US,From RDC,N/A - From RDC,Air,Pre-PQ Process,N/A - From RDC,3-Mar-09,3-Mar-09,3-Mar-09,ARV,Pediatric,SCMS from RDC,"Nevirapine 10mg/ml, oral suspension, Bottle, 240 ml",Nevirapine,Generic,10mg/ml,Oral suspension,240,5216,10014.72,1.92,0.01,"Aurobindo Unit III, India",No,See DN-1100 (ID#:11005),See DN-1100 (ID#:11005),19.63
82507,104-CI-T30,FPQ-9749,SO-42382,DN-2837,Côte d'Ivoire,PMO - US,From RDC,N/A - From RDC,Truck,4/19/12,N/A - From RDC,13-Nov-12,5-Sep-12,5-Sep-12,ARV,Adult,SCMS from RDC,"Lamivudine/Zidovudine 150/300mg, tablets, 60 Tabs",Lamivudine/Zidovudine,Generic,150/300mg,Tablet - FDC,60,84900,660522.0,7.78,0.13,Mylan (formerly Matrix) Nashik,Yes,18204,36194.84,926.05
13761,108-VN-T30,FPQ-9576,SCMS-145320,ASN-16055,Vietnam,PMO - US,Direct Drop,FCA,Air,4/11/12,6/15/12,3-Oct-12,3-Oct-12,3-Oct-12,ARV,Adult,ABBVIE LOGISTICS (FORMERLY ABBOTT LOGISTICS BV),"Ritonavir 100mg [Norvir], film coated tablets, 30 Tabs",Ritonavir,Norvir,100mg,Tablet,30,174,4047.24,23.26,0.78,ABBVIE Ludwigshafen Germany,Yes,21,583.66,5.67
84296,109-TZ-T30,FPQ-12015,SO-44980,DN-3347,Tanzania,PMO - US,From RDC,N/A - From RDC,Truck,4/2/13,N/A - From RDC,31-Oct-13,4-Nov-13,6-Nov-13,ARV,Pediatric,SCMS from RDC,"Nevirapine 10mg/ml, oral suspension w/syringe, Bottle, 100 ml",Nevirapine,Generic,10mg/ml,Oral suspension,100,56540,73502.0,1.3,0.01,"Aurobindo Unit III, India",No,See DN-3347 (ID#:82611),See DN-3347 (ID#:82611),90.92
25642,102-GY-T30,FPQ-5495,SCMS-71630,ASN-8224,Guyana,PMO - US,Direct Drop,EXW,Air,4/15/10,6/21/10,27-Oct-10,27-Oct-10,27-Oct-10,HRDT,HIV test,"Orgenics, Ltd","HIV 1/2, Determine Complete HIV Kit, 100 Tests","HIV 1/2, Determine Complete HIV Kit",Determine,,Test kit,100,336,30240.0,90.0,0.9,Inverness Japan,Yes,154,4268.93,65.2
12270,104-CI-T01,Pre-PQ Process,SO-970,DN-1163,Côte d'Ivoire,PMO - US,From RDC,N/A - From RDC,Air,Pre-PQ Process,N/A - From RDC,23-Mar-09,23-Mar-09,23-Mar-09,ARV,Pediatric,SCMS from RDC,"Lopinavir/Ritonavir 80/20mg/ml [Kaletra], oral solution, cool, Bottle 5 x 60 ml",Lopinavir/Ritonavir,Kaletra,80/20mg/ml,Oral solution,300,126,5178.6,41.1,0.14,ABBVIE (Abbott) Logis. UK,No,See DN-1163 (ID#:11030),See DN-1163 (ID#:11030),10.15
79521,161-ZA-T30,FPQ-7175,SCMS-103960,ASN-10871,South Africa,PMO - US,Direct Drop,DDP,Ocean,3/10/11,3/28/11,6-Sep-11,6-Sep-11,6-Sep-11,ARV,Adult,STRIDES ARCOLAB LIMITED,"Lamivudine 150mg, tablets, 60 Tabs",Lamivudine,Generic,150mg,Tablet,60,440000,1069200.0,2.43,0.04,"Strides, Bangalore, India.",Yes,19564,33865.26,1764.18
85031,104-CI-T30,FPQ-14370,SO-49040,DN-4253,Côte d'Ivoire,PMO - US,From RDC,N/A - From RDC,Truck,5/23/14,N/A - From RDC,8-Jun-15,8-Jun-15,19-Jun-15,ARV,Adult,SCMS from RDC,"Lamivudine/Zidovudine 150/300mg, tablets, 60 Tabs",Lamivudine/Zidovudine,Generic,150/300mg,Tablet - FDC,60,25526,166429.52,6.52,0.11,Hetero Unit III Hyderabad IN,No,See DN-4253 (ID#:83334),See DN-4253 (ID#:83334),171.09
85968,151-NG-T30,FPQ-11022,SO-43848,DN-3162,Nigeria,PMO - US,From RDC,N/A - From RDC,Air Charter,11/15/12,N/A - From RDC,21-May-13,3-May-13,3-May-13,ARV,Adult,SCMS from RDC,"Nevirapine 200mg, tablets, 60 Tabs",Nevirapine,Generic,200mg,Tablet,60,95000,214700.0,2.26,0.04,Hetero Unit III Hyderabad IN,Yes,6528,14547.55,265.58
82531,151-NG-T30,FPQ-9968,SO-43435,DN-2946,Nigeria,PMO - US,From RDC,N/A - From RDC,Air,5/23/12,N/A - From RDC,4-Dec-12,4-Dec-12,4-Dec-12,ARV,Adult,SCMS from RDC,"Nevirapine 200mg, tablets, 60 Tabs",Nevirapine,Generic,200mg,Tablet,60,16870,40825.4,2.42,0.04,"Strides, Bangalore, India.",Yes,7973,51090,57.24
4368,108-VN-T01,Pre-PQ Process,SCMS-20390,ASN-2204,Vietnam,PMO - US,Direct Drop,EXW,Air,Pre-PQ Process,3/31/08,12-Aug-08,12-Aug-08,12-Aug-08,ARV,Adult,CIPLA LIMITED,"Lamivudine/Nevirapine/Stavudine 150/200/30mg, tablets, 60 Tabs",Lamivudine/Nevirapine/Stavudine,Generic,150/200/30mg,Tablet - FDC,60,10420,77108.0,7.4,0.12,"Cipla, Goa, India",Yes,1000,7526.06,123.37
11234,106-HT-T01,Pre-PQ Process,SO-2046,DN-685,Haiti,PMO - US,From RDC,N/A - From RDC,Air,Pre-PQ Process,N/A - From RDC,31-Mar-08,31-Mar-08,31-Mar-08,ARV,Adult,SCMS from RDC,"Efavirenz 600mg, tablets, 30 Tabs",Efavirenz,Generic,600mg,Tablet,30,19740,237077.4,12.01,0.4,"Aurobindo Unit III, India",Yes,2941,31051.3,379.32
85357,114-UG-T30,FPQ-11133,SO-43880,DN-3127,Uganda,PMO - US,From RDC,N/A - From RDC,Truck,12/13/12,N/A - From RDC,4-Jun-13,4-Jun-13,4-Jun-13,ARV,Adult,SCMS from RDC,"Lamivudine/Tenofovir Disoproxil Fumarate 300/300mg, tablets, 30 Tabs",Lamivudine/Tenofovir Disoproxil Fumarate,Generic,300/300mg,Tablet - FDC,30,26940,126618.0,4.7,0.16,"Aurobindo Unit VII, IN",Yes,2517,11803.13,156.63
85456,105-GY-T30,FPQ-13567,SO-47730,DN-3626,Guyana,PMO - US,From RDC,N/A - From RDC,Air,1/16/14,N/A - From RDC,30-Jun-14,14-Apr-14,6-Jun-14,ARV,Pediatric,SCMS from RDC,"Lamivudine 10mg/ml, oral solution w/syringe, Bottle, 240 ml",Lamivudine,Generic,10mg/ml,Oral solution,240,144,205.92,1.43,0.01,"Aurobindo Unit III, India",No,See DN-3626 (ID#:83781),See DN-3626 (ID#:83781),0.21
44855,116-ZA-T30,FPQ-14942,SCMS-259073,ASN-30671,South Africa,PMO - US,Direct Drop,DDP,Truck,9/11/14,2/12/15,12-Feb-15,12-Feb-15,12-Feb-15,ARV,Adult,PHARMACY DIRECT,"Lamivudine 150mg, tablets, 60 Tabs",Lamivudine,Generic,150mg,Tablet,60,189,1248.67,6.61,0.11,"Aurobindo Unit III, India",No,Weight Captured Separately,Freight Included in Commodity Cost,1.28
86396,114-UG-T30,FPQ-7162,SO-38801,DN-2297,Uganda,PMO - US,From RDC,N/A - From RDC,Truck,2/14/11,N/A - From RDC,5-Aug-11,5-Aug-11,5-Aug-11,ARV,Adult,SCMS from RDC,"Nevirapine 200mg, tablets, 60 Tabs",Nevirapine,Generic,200mg,Tablet,60,11549,28987.99,2.51,0.04,"Strides, Bangalore, India.",No,See DN-2297 (ID#:82392),See DN-2297 (ID#:82392),47.83
86595,104-CI-T30,FPQ-11254,SO-44130,DN-3279,Côte d'Ivoire,PMO - US,From RDC,N/A - From RDC,Truck,12/14/12,N/A - From RDC,28-Aug-13,28-Aug-13,28-Aug-13,ARV,Pediatric,SCMS from RDC,"Efavirenz 200mg, scored tablets, 90 Tabs",Efavirenz,Generic,200mg,Tablet,90,7800,56940.0,7.3,0.08,"Strides, Bangalore, India.",Yes,462,3033.26,70.43
12138,117-ET-T01,Pre-PQ Process,SO-1524,DN-521,Ethiopia,PMO - US,From RDC,N/A - From RDC,Air,Pre-PQ Process,N/A - From RDC,20-Dec-07,20-Dec-07,20-Dec-07,ARV,Adult,SCMS from RDC,"Lamivudine/Zidovudine 150/300mg, tablets, 60 Tabs",Lamivudine/Zidovudine,Generic,150/300mg,Tablet - FDC,60,1797,17071.5,9.5,0.16,"Aurobindo Unit III, India",Yes,170,892,27.31
12541,104-CI-T01,Pre-PQ Process,SO-21870,DN-1087,Côte d'Ivoire,PMO - US,From RDC,N/A - From RDC,Air,Pre-PQ Process,N/A - From RDC,2-Mar-09,2-Mar-09,2-Mar-09,ARV,Adult,SCMS from RDC,"Nevirapine 200mg, tablets, 60 Tabs",Nevirapine,Generic,200mg,Tablet,60,22566,67698.0,3.0,0.05,"Aurobindo Unit III, India",Yes,2113,5574.06,132.69
63802,161-ZA-T30,FPQ-6262,SCMS-84230,ASN-9616,South Africa,PMO - US,Direct Drop,DDP,Ocean,8/31/10,9/21/10,5-Apr-11,5-Apr-11,5-Apr-11,ARV,Adult,STRIDES ARCOLAB LIMITED,"Nevirapine 200mg, tablets, 60 Tabs",Nevirapine,Generic,200mg,Tablet,60,65072,186756.64,2.87,0.05,"Strides, Bangalore, India.",Yes,4194,17278.96,402.65
8802,109-TZ-T01,Pre-PQ Process,SCMS-34430,ASN-3699,Tanzania,PMO - US,Direct Drop,EXW,Air,Pre-PQ Process,12/2/08,17-May-09,17-May-09,17-May-09,HRDT,HIV test,"Trinity Biotech, Plc","HIV 1/2, Uni-Gold HIV Kit, 20 Tests","HIV 1/2, Uni-Gold HIV Kit",Uni-Gold,,Test kit,20,839,26848.0,32.0,1.6,"Trinity Biotech, Plc",Yes,277,3146.63,52.62
83028,151-NG-T30,FPQ-8364,SO-40660,DN-2630,Nigeria,PMO - US,From RDC,N/A - From RDC,Air Charter,8/29/11,N/A - From RDC,20-May-12,30-Apr-12,30-Apr-12,ARV,Adult,SCMS from RDC,"Lamivudine/Nevirapine/Zidovudine 150/200/300mg, tablets, 60 Tabs",Lamivudine/Nevirapine/Zidovudine,Generic,150/300/200mg,Tablet - FDC,60,48821,547771.62,11.22,0.19,Mylan (formerly Matrix) Nashik,Yes,6949,27441.22,903.82
76073,116-ZA-T30,FPQ-13973,SCMS-238551,ASN-26882,South Africa,PMO - US,Direct Drop,DDP,Truck,4/30/14,6/25/14,25-Jun-14,25-Jun-14,25-Jun-14,ARV,Adult,PHARMACY DIRECT,"Zidovudine 300mg, tablets, 60 Tabs",Zidovudine,Generic,300mg,Tablet,60,13,324.4,24.95,0.42,"Aurobindo Unit III, India",No,Weight Captured Separately,Freight Included in Commodity Cost,0.33
86348,151-NG-T30,FPQ-5023,SO-36463,DN-2045,Nigeria,PMO - US,From RDC,N/A - From RDC,Air Charter,2/10/10,N/A - From RDC,16-Nov-10,10-Nov-10,10-Nov-10,ARV,Adult,SCMS from RDC,"Nevirapine 200mg, tablets, 60 Tabs",Nevirapine,Generic,200mg,Tablet,60,34650,89397.0,2.58,0.04,"Aurobindo Unit III, India",Yes,3934,20264.93,192.74
82522,104-CI-T30,FPQ-9136,SO-41371,DN-2893,Côte d'Ivoire,PMO - US,From RDC,N/A - From RDC,Truck,1/2/12,N/A - From RDC,31-Oct-12,26-Oct-12,26-Oct-12,ARV,Adult,SCMS from RDC,"Lopinavir/Ritonavir 200/50mg, tablets, 120 Tabs",Lopinavir/Ritonavir,Generic,200/50mg,Tablet,120,503,13430.1,26.7,0.22,"Aurobindo Unit III, India",Yes,123,1783.64,18.83
71920,108-VN-T30,FPQ-10811,SCMS-164550,ASN-18970,Vietnam,PMO - US,Direct Drop,EXW,Air,10/15/12,7/11/12,15-May-13,15-May-13,15-May-13,ARV,Pediatric,STRIDES ARCOLAB LIMITED,"Lamivudine/Nevirapine/Zidovudine 30/50/60mg, dispersible tablets, 60 Tabs",Lamivudine/Nevirapine/Zidovudine,Generic,30/50/60mg,Chewable/dispersible tablet - FDC,60,1119,4476.0,4.0,0.07,"Strides, Bangalore, India.",No,See ASN-18970 (ID#:33422),See ASN-18970 (ID#:33422),5.54
45848,101-CD-T30,FPQ-12093,SCMS-189060,ASN-20771,"Congo, DRC",PMO - US,Direct Drop,FCA,Air,4/23/13,5/23/13,20-Nov-13,18-Nov-13,5-Dec-13,ARV,Pediatric,ABBVIE LOGISTICS (FORMERLY ABBOTT LOGISTICS BV),"Lopinavir/Ritonavir 80/20mg/ml [Kaletra], oral solution, cool, Bottle 5 x 60 ml",Lopinavir/Ritonavir,Kaletra,80/20mg/ml,Oral solution,300,20,616.4,30.82,0.1,ABBVIE (Abbott) Logis. UK,Yes,52,1573.41,0.76
27604,107-RW-T30,FPQ-15065,SCMS-263320,ASN-30383,Rwanda,PMO - US,Direct Drop,EXW,Air,10/15/14,12/16/14,25-Feb-15,25-Feb-15,25-Feb-15,HRDT,HIV test,"Orgenics, Ltd","HIV 1/2, Determine Complete HIV Kit, 100 Tests","HIV 1/2, Determine Complete HIV Kit",Determine,,Test kit,100,1144,91520.0,80.0,0.8,"Alere Medical Co., Ltd.",Yes,468,8806.76,94.08
62079,102-MW-T30,FPQ-9454,SCMS-141440,ASN-14813,Malawi,PMO - US,Direct Drop,EXW,Air,3/12/12,3/28/12,21-May-12,21-May-12,21-May-12,HRDT,HIV test,"Trinity Biotech, Plc","HIV 1/2, Uni-Gold HIV Kit, 20 Tests","HIV 1/2, Uni-Gold HIV Kit",Uni-Gold,,Test kit,20,66,2112.0,32.0,1.6,"Trinity Biotech, Plc",Yes,29,732.72,2.96
11028,106-HT-T01,Pre-PQ Process,SO-2603,DN-866,Haiti,PMO - US,From RDC,N/A - From RDC,Air,Pre-PQ Process,N/A - From RDC,11-Aug-08,11-Aug-08,11-Aug-08,ARV,Pediatric,SCMS from RDC,"Efavirenz 200mg, capsule, 90 Caps",Efavirenz,Generic,200mg,Capsule,90,210,3360.0,16.0,0.18,"Aurobindo Unit III, India",Yes,26,997.46,5.38
86238,154-NG-T30,FPQ-3815,SO-32260,DN-1452,Nigeria,PMO - US,From RDC,N/A - From RDC,Air Charter,5/26/09,N/A - From RDC,30-Oct-09,20-Oct-09,20-Oct-09,ARV,Adult,SCMS from RDC,"Efavirenz 600mg, tablets, 30 Tabs",Efavirenz,Generic,600mg,Tablet,30,380,2363.6,6.22,0.21,"Aurobindo Unit III, India",No,See DN-1452 (ID#:82272),See DN-1452 (ID#:82272),4.63
39794,113-ZW-T30,FPQ-13032,SCMS-210170,ASN-22818,Zimbabwe,PMO - US,Direct Drop,EXW,Air,9/24/13,10/18/13,9-Dec-13,9-Dec-13,10-Dec-13,HRDT,HIV test - Ancillary,"Orgenics, Ltd","Chase Buffer, Determine, 100 Tests, 2.5ml x 1 Vial","Chase Buffer, Determine, 100 Tests, 2.5ml x 1 Vial",Determine,,Test kit - Ancillary,1,2000,10000.0,5.0,5.0,"Alere Medical Co., Ltd.",Yes,864,14314.83,12.37
85817,101-CD-T30,FPQ-8840,SO-41135,DN-2497,"Congo, DRC",PMO - US,From RDC,N/A - From RDC,Air,11/21/11,N/A - From RDC,16-Mar-12,14-Feb-12,14-Feb-12,ARV,Adult,SCMS from RDC,"Lamivudine/Zidovudine 150/300mg, tablets, 60 Tabs",Lamivudine/Zidovudine,Generic,150/300mg,Tablet - FDC,60,41,338.66,8.26,0.14,"Aurobindo Unit III, India",No,See DN-2497 (ID#:82435),See DN-2497 (ID#:82435),0.47
78698,161-ZA-T30,FPQ-7175,SCMS-103790,ASN-12624,South Africa,PMO - US,Direct Drop,DDP,Ocean,3/10/11,3/28/11,25-Nov-11,25-Nov-11,25-Nov-11,ARV,Pediatric,CIPLA LIMITED,"Lamivudine 10mg/ml, oral solution, Bottle, 240 ml",Lamivudine,Generic,10mg/ml,Oral solution,240,50000,103000.0,2.06,0.01,"Cipla, Goa, India",Yes,18467,6617.84,169.95
12865,112-NG-T01,Pre-PQ Process,SO-20960,DN-1124,Nigeria,PMO - US,From RDC,N/A - From RDC,Air Charter,Pre-PQ Process,N/A - From RDC,19-Mar-09,19-Mar-09,19-Mar-09,ARV,Adult,SCMS from RDC,"Lamivudine/Zidovudine 150/300mg, tablets, 60 Tabs",Lamivudine/Zidovudine,Generic,150/300mg,Tablet - FDC,60,3231,28303.56,8.76,0.15,"Aurobindo Unit III, India",No,See DN-1124 (ID#:11620),See DN-1124 (ID#:11620),55.47
69606,101-CD-T30,FPQ-16001,SCMS-280210,ASN-31750,"Congo, DRC",PMO - US,Direct Drop,EXW,Air,3/10/15,3/16/15,2-Jul-15,2-Jul-15,30-Jul-15,HRDT,HIV test,"Trinity Biotech, Plc","HIV 1/2, Uni-Gold HIV Kit, 20 Tests","HIV 1/2, Uni-Gold HIV Kit",Uni-Gold,,Test kit,20,15,480.0,32.0,1.6,"Trinity Biotech, Plc",No,See ASN-31750 (ID#:19272),See ASN-31750 (ID#:19272),0.56
83596,104-CI-T30,FPQ-9063,SO-41350,DN-2713,Côte d'Ivoire,PMO - US,From RDC,N/A - From RDC,Truck,12/21/11,N/A - From RDC,16-Jul-12,18-Jun-12,18-Jun-12,ARV,Adult,SCMS from RDC,"Tenofovir Disoproxil Fumarate 300mg, tablets, 30 Tabs",Tenofovir Disoproxil Fumarate,Generic,300mg,Tablet,30,4000,22000.0,5.5,0.18,"Aurobindo Unit III, India",Yes,372,2333.91,30.84
73095,116-ZA-T30,FPQ-14942,SCMS-259073,ASN-30671,South Africa,PMO - US,Direct Drop,DDP,Truck,9/11/14,2/12/15,12-Feb-15,12-Feb-15,12-Feb-15,ARV,Adult,PHARMACY DIRECT,"Zidovudine 300mg, tablets, 60 Tabs",Zidovudine,Generic,300mg,Tablet,60,11,198.34,18.03,0.3,"Aurobindo Unit III, India",No,Weight Captured Separately,Freight Included in Commodity Cost,0.2
1628,110-ZM-T01,Pre-PQ Process,SCMS-18030,ASN-1619,Zambia,PMO - US,Direct Drop,EXW,Air,Pre-PQ Process,2/25/08,14-May-08,14-May-08,14-May-08,HRDT,HIV test,"Trinity Biotech, Plc","HIV 1/2, Uni-Gold HIV Kit, 20 Tests","HIV 1/2, Uni-Gold HIV Kit",Uni-Gold,,Test kit,20,6040,193280.0,32.0,1.6,"Trinity Biotech, Plc",Yes,2052,24689,309.25
21568,104-CI-T30,FPQ-7325,SCMS-106580,ASN-11773,Côte d'Ivoire,PMO - US,Direct Drop,EXW,Air,3/9/11,5/5/11,12-Sep-11,12-Sep-11,12-Sep-11,HRDT,HIV test,"Standard Diagnostics, Inc.","HIV 1/2, Bioline 3.0 Kit, Lancets, Capillary pipets, Alcohol swabs included, 25 Tests","HIV 1/2, Bioline 3.0 Kit, Lancets, Capillary pipets, Alcohol swabs included",Bioline,,Test kit,25,1209,24180.0,20.0,0.8,"Standard Diagnostics, Korea",Yes,403,5639.42,39.9
11462,112-NG-T01,Pre-PQ Process,SO-565,DN-373,Nigeria,PMO - US,From RDC,N/A - From RDC,Air,Pre-PQ Process,N/A - From RDC,20-Sep-07,20-Sep-07,20-Sep-07,ARV,Adult,SCMS from RDC,"Lamivudine/Zidovudine 150/300mg, tablets, 60 Tabs",Lamivudine/Zidovudine,Generic,150/300mg,Tablet - FDC,60,229,2445.72,10.68,0.18,"Aurobindo Unit III, India",No,See DN-373 (ID#:10623),See DN-373 (ID#:10623),3.91
84197,104-CI-T30,FPQ-10626,SO-43280,DN-2895,Côte d'Ivoire,PMO - US,From RDC,N/A - From RDC,Truck,9/6/12,N/A - From RDC,14-Dec-12,24-Oct-12,24-Oct-12,ARV,Pediatric,SCMS from RDC,"Zidovudine 10mg/ml, oral solution w/syringe, Bottle, 240 ml",Zidovudine,Generic,10mg/ml,Oral solution,240,5000,10500.0,2.1,0.01,"Aurobindo Unit III, India",No,See DN-2895 (ID#:82524),See DN-2895 (ID#:82524),14.72
86059,114-UG-T30,FPQ-13108,SO-46880,DN-3583,Uganda,PMO - US,From RDC,N/A - From RDC,Truck,10/16/13,N/A - From RDC,30-Apr-14,18-Apr-14,7-May-14,ARV,Adult,SCMS from RDC,"Lopinavir/Ritonavir 200/50mg, tablets, 120 Tabs",Lopinavir/Ritonavir,Generic,200/50mg,Tablet,120,26960,541087.2,20.07,0.17,"Aurobindo Unit III, India",Yes,Weight Captured Separately,Invoiced Separately,556.24
14665,106-HT-T30,FPQ-5725,SCMS-74750,ASN-7454,Haiti,PMO - US,Direct Drop,EXW,Air,5/26/10,6/2/10,13-Sep-10,13-Sep-10,13-Sep-10,HRDT,HIV test,"Orgenics, Ltd","HIV 1/2, Determine HIV Kit, without Lancets, 100 Tests","HIV 1/2, Determine HIV Kit, without Lancets",Determine,,Test kit,100,1000,97680.0,97.68,0.98,Inverness Japan,Yes,227,2486.62,210.6
65219,113-ZW-T30,FPQ-8447,SCMS-122760,ASN-12885,Zimbabwe,PMO - US,Direct Drop,EXW,Air,9/16/11,9/21/11,22-Dec-11,22-Dec-11,22-Dec-11,HRDT,HIV test,"Orgenics, Ltd","HIV 1/2, Determine Complete HIV Kit, 100 Tests","HIV 1/2, Determine Complete HIV Kit",Determine,,Test kit,100,1800,144000.0,80.0,0.8,"Alere Medical Co., Ltd.",Yes,885,17806.34,237.6
47089,116-ZA-T30,FPQ-11828,SCMS-183950,ASN-19166,South Africa,South Africa Field Office,Direct Drop,DDP,Truck,3/18/13,Date Not Captured,16-Apr-13,16-Apr-13,16-Apr-13,ARV,Pediatric,S. BUYS WHOLESALER,"Lamivudine 10mg/ml, oral solution, Bottle, 240 ml",Lamivudine,Generic,10mg/ml,Oral solution,240,517,2812.74,5.44,0.02,"Cipla, Goa, India",No,Weight Captured Separately,Freight Included in Commodity Cost,3.48
76004,105-SS-T30,FPQ-14470,SCMS-245230,ASN-27241,South Sudan,PMO - US,Direct Drop,EXW,Air,6/17/14,7/1/14,29-Sep-14,29-Sep-14,30-Sep-14,HRDT,HIV test,"Trinity Biotech, Plc","HIV 1/2, Uni-Gold HIV Kit, 20 Tests","HIV 1/2, Uni-Gold HIV Kit",Uni-Gold,,Test kit,20,18,576.0,32.0,1.6,"Trinity Biotech, Plc",No,See ASN-27241 (ID#:23488),See ASN-27241 (ID#:23488),0.59
85155,102-UG-T30,FPQ-6403,SO-37460,DN-2026,Uganda,PMO - US,From RDC,N/A - From RDC,Air,9/16/10,N/A - From RDC,20-Oct-10,25-Oct-10,25-Oct-10,ARV,Adult,SCMS from RDC,"Emtricitabine/Tenofovir Disoproxil Fumarate 200/300mg, tablets, 30 Tabs",Emtricitabine/Tenofovir Disoproxil Fumarate,Generic,200/300mg,Tablet - FDC,30,8375,98406.25,11.75,0.39,Mylan (formerly Matrix) Nashik,No,See DN-2026 (ID#:84047),See DN-2026 (ID#:84047),212.16
44737,108-VN-T30,FPQ-9001,SCMS-131690,ASN-14517,Vietnam,PMO - US,Direct Drop,EXW,Air,12/15/11,1/16/12,16-May-12,16-May-12,16-May-12,ARV,Adult,MYLAN LABORATORIES LTD (FORMERLY MATRIX LABORATORIES),"Tenofovir Disoproxil Fumarate 300mg, tablets, 30 Tabs",Tenofovir Disoproxil Fumarate,Generic,300mg,Tablet,30,20142,99702.9,4.95,0.16,Mylan (formerly Matrix) Nashik,Yes,6142,13850.65,139.78
14820,110-PK-T30,FPQ-9019,SCMS-132510,ASN-13949,Pakistan,PMO - US,Direct Drop,EXW,Air,12/27/11,1/17/12,29-Jun-12,29-Jun-12,29-Jun-12,HRDT,HIV test,"Orgenics, Ltd","HIV 1/2, Determine Complete HIV Kit, 100 Tests","HIV 1/2, Determine Complete HIV Kit",Determine,,Test kit,100,2132,170560.0,80.0,0.8,"Alere Medical Co., Ltd.",Yes,1017,14959.84,239.13
82395,104-CI-T30,FPQ-7659,SO-40121,DN-2304,Côte d'Ivoire,PMO - US,From RDC,N/A - From RDC,Air,5/3/11,N/A - From RDC,27-Sep-11,12-Sep-11,12-Sep-11,ARV,Adult,SCMS from RDC,"Lamivudine/Nevirapine/Zidovudine 150/200/300mg, tablets, 60 Tabs",Lamivudine/Nevirapine/Zidovudine,Generic,150/300/200mg,Tablet - FDC,60,160058,1795850.76,11.22,0.19,Mylan (formerly Matrix) Nashik,Yes,26409,60432.88,2963.15
14210,104-CI-T30,FPQ-8302,SCMS-123870,ASN-12934,Côte d'Ivoire,PMO - US,Direct Drop,EXW,Air,8/29/11,9/30/11,1-Dec-11,1-Dec-11,1-Dec-11,ARV,Adult,MYLAN LABORATORIES LTD (FORMERLY MATRIX LABORATORIES),"Abacavir/Lamivudine/Zidovudine 300/150/300mg, tablets, 60 Tabs",Abacavir/Lamivudine/Zidovudine,Generic,300/150/300mg,Tablet - FDC,60,4000,112000.0,28.0,0.47,Mylan (formerly Matrix) Nashik,Yes,655,5300.24,184.8
12174,112-NG-T01,Pre-PQ Process,SO-11220,DN-833,Nigeria,PMO - US,From RDC,N/A - From RDC,Air,Pre-PQ Process,N/A - From RDC,16-Jul-08,16-Jul-08,16-Jul-08,ARV,Adult,SCMS from RDC,"Lamivudine 150mg, tablets, 60 Tabs",Lamivudine,Generic,150mg,Tablet,60,957,2775.3,2.9,0.05,"Aurobindo Unit III, India",No,See DN-833 (ID#:11243),See DN-833 (ID#:11243),4.44
18904,101-CD-T30,FPQ-12093,SCMS-189060,ASN-20777,"Congo, DRC",PMO - US,Direct Drop,FCA,Air,4/23/13,5/23/13,20-Nov-13,20-Nov-13,26-Nov-13,ARV,Pediatric,ABBVIE LOGISTICS (FORMERLY ABBOTT LOGISTICS BV),"Lopinavir/Ritonavir 80/20mg/ml [Kaletra], oral solution, cool, Bottle 5 x 60 ml",Lopinavir/Ritonavir,Kaletra,80/20mg/ml,Oral solution,300,30,924.6,30.82,0.1,ABBVIE (Abbott) Logis. UK,Yes,56,460.9,1.14
1285,102-GY-T01,Pre-PQ Process,SCMS-177,ASN-136,Guyana,PMO - US,Direct Drop,EXW,Air,Pre-PQ Process,Date Not Captured,29-Dec-06,29-Dec-06,29-Dec-06,HRDT,HIV test,"Trinity Biotech, Plc","HIV 1/2, Uni-Gold HIV Kit, 20 Tests","HIV 1/2, Uni-Gold HIV Kit",Uni-Gold,,Test kit,20,900,36000.0,40.0,2.0,"Trinity Biotech, Plc",Yes,316,4989.87,
85792,100-ZW-T30,FPQ-7559,SO-39551,DN-2362,Zimbabwe,PMO - US,From RDC,N/A - From RDC,Truck,4/29/11,N/A - From RDC,21-Oct-11,21-Oct-11,21-Oct-11,ARV,Pediatric,SCMS from RDC,"Lamivudine/Zidovudine 30/60mg, tablets, 60 Tabs",Lamivudine/Zidovudine,Generic,30/60mg,Tablet - FDC,60,4980,16185.0,3.25,0.05,Mylan (formerly Matrix) Nashik,No,See DN-2362 (ID#:83533),See DN-2362 (ID#:83533),26.71
57701,103-SS-T30,FPQ-13172,SCMS-213420,ASN-23156,South Sudan,PMO - US,Direct Drop,EXW,Air,10/28/13,11/6/13,27-Feb-14,27-Feb-14,4-Mar-14,HRDT,HIV test,"Orgenics, Ltd","HIV 1/2, Determine Complete HIV Kit, 100 Tests","HIV 1/2, Determine Complete HIV Kit",Determine,,Test kit,100,694,61766.0,89.0,0.89,"Alere Medical Co., Ltd.",Yes,285,4350.03,63.5
41568,108-VN-T30,FPQ-9576,SCMS-145290,ASN-15777,Vietnam,PMO - US,Direct Drop,EXW,Air,4/11/12,6/8/12,23-Aug-12,23-Aug-12,23-Aug-12,ARV,Pediatric,Aurobindo Pharma Limited,"Zidovudine 10mg/ml, oral solution w/syringe, Bottle, 240 ml",Zidovudine,Generic,10mg/ml,Oral solution,240,150,315.0,2.1,0.01,"Aurobindo Unit III, India",Yes,58,755.03,0.44
22600,105-SS-T30,FPQ-11539,SCMS-176930,ASN-19142,South Sudan,PMO - US,Direct Drop,EXW,Air,1/24/13,2/26/13,20-Jul-13,20-Jul-13,20-Jul-13,HRDT,HIV test,"Orgenics, Ltd","HIV 1/2, Determine Complete HIV Kit, 100 Tests","HIV 1/2, Determine Complete HIV Kit",Determine,,Test kit,100,250,22250.0,89.0,0.89,"Alere Medical Co., Ltd.",Yes,115,2561.61,27.52
85687,151-NG-T30,FPQ-5023,SO-36530,DN-1924,Nigeria,PMO - US,From RDC,N/A - From RDC,Air,2/10/10,N/A - From RDC,15-Jul-10,28-Jun-10,28-Jun-10,ARV,Adult,SCMS from RDC,"Lamivudine/Zidovudine+Efavirenz 150/300mg+600mg, tablets, co-blister 60+30 Tabs",Lamivudine/Zidovudine+Efavirenz,Generic,150/300mg+600mg,Tablet - FDC + co-blister,90,213,4473.0,21.0,0.23,"Strides, Bangalore, India.",No,Weight Captured Separately,Freight Included in Commodity Cost,9.64
7749,116-ZA-T01,Pre-PQ Process,SCMS-41584,ASN-4385,South Africa,PMO - US,Direct Drop,DDP,Air,Pre-PQ Process,3/27/09,25-Jun-09,20-Apr-09,20-Apr-09,ARV,Adult,S. BUYS WHOLESALER,"Lopinavir/Ritonavir 200/50mg [Aluvia], tablets, 120 Tabs",Lopinavir/Ritonavir,Aluvia,200/50mg,Tablet,120,2965,106680.7,35.98,0.3,ABBVIE Ludwigshafen Germany,No,Weight Captured Separately,Freight Included in Commodity Cost,209.09
44908,111-MZ-T30,FPQ-3588,SCMS-45670,ASN-5525,Mozambique,PMO - US,Direct Drop,CIP,Air,3/25/09,5/13/09,4-Dec-09,4-Dec-09,4-Dec-09,ARV,Adult,GLAXOSMITHKLINE EXPORT LIMITED,"Abacavir/Lamivudine/Zidovudine 300/150/300mg [Trizivir], tablets, 60 Tabs",Abacavir/Lamivudine/Zidovudine,Trizivir,300/150/300mg,Tablet - FDC,60,1020,54784.2,53.71,0.9,GSK Ware (UK),No,Weight Captured Separately,Freight Included in Commodity Cost,107.38
82999,101-CD-T30,FPQ-8840,SO-41130,DN-2492,"Congo, DRC",PMO - US,From RDC,N/A - From RDC,Air,11/21/11,N/A - From RDC,16-Mar-12,14-Feb-12,14-Feb-12,ARV,Adult,SCMS from RDC,"Abacavir 300mg, tablets, 60 Tabs",Abacavir,Generic,300mg,Tablet,60,11,160.93,14.63,0.24,Mylan (formerly Matrix) Nashik,Yes,28,456.17,0.23
36892,116-ZA-T30,FPQ-13035,SCMS-215370,ASN-24415,South Africa,PMO - US,Direct Drop,DDP,Truck,10/8/13,12/2/13,6-Feb-14,6-Feb-14,6-Feb-14,ARV,Adult,S. BUYS WHOLESALER,"Lamivudine 150mg [Epivir], tablets, 60 Tabs",Lamivudine,Epivir,150mg,Tablet,60,3519,38242.38,10.87,0.18,GSK Cape Town Factory (South Africa),No,Weight Captured Separately,Freight Included in Commodity Cost,47.31
74329,103-CM-T30,FPQ-8396,SCMS-122260,ASN-12662,Cameroon,PMO - US,Direct Drop,EXW,Air,9/13/11,9/15/11,18-Nov-11,18-Nov-11,18-Nov-11,HRDT,HIV test,"Orgenics, Ltd","HIV 1/2, Determine Kit without Lancets, Buffer or Caplillary Tubes, 100 Tests","HIV 1/2, Determine Kit without Lancets, Buffer or Capillary Tubes, 100 Tests",Determine,,Test kit,100,100,7215.0,72.15,0.72,Inverness Japan,Yes,18,1278.12,11.9
45929,111-MZ-T30,FPQ-13093,SCMS-211560,ASN-24097,Mozambique,PMO - US,Direct Drop,EXW,Air,10/15/13,11/13/13,10-Feb-14,10-Feb-14,15-Mar-14,HRDT,HIV test,"Orgenics, Ltd","HIV 1/2, Determine Complete HIV Kit, 100 Tests","HIV 1/2, Determine Complete HIV Kit",Determine,,Test kit,100,9575,766000.0,80.0,0.8,"Alere Medical Co., Ltd.",Yes,3890,29244.02,787.45
83233,110-ZM-T30,FPQ-13221,SO-47202,DN-3625,Zambia,PMO - US,From RDC,N/A - From RDC,Truck,10/31/13,N/A - From RDC,6-May-14,4-Jun-14,12-Jun-14,ARV,Adult,SCMS from RDC,"Lopinavir/Ritonavir 200/50mg, tablets, 120 Tabs",Lopinavir/Ritonavir,Generic,200/50mg,Tablet,120,25482,521871.36,20.48,0.17,"Aurobindo Unit III, India",Yes,7140,47532.09,536.48
33631,103-ZW-T30,FPQ-12094,SCMS-186830,ASN-22178,Zimbabwe,PMO - US,Direct Drop,FCA,Air,4/19/13,4/25/13,13-Dec-13,13-Dec-13,16-Dec-13,ARV,Pediatric,LAWRENCE LABORATORIES (SUBSIDIARY OF BRISTOL MYERS SQUIBB),"Didanosine 25mg [Videx], chewable tablets, 60 Tabs",Didanosine,Videx,25mg,Chewable/dispersible tablet,60,372,2604.0,7.0,0.12,Bristol-Myers Squibb Anagni IT,Yes,95,2265.88,3.22
83563,101-CD-T30,FPQ-8840,SO-41147,DN-2511,"Congo, DRC",PMO - US,From RDC,N/A - From RDC,Air,11/21/11,N/A - From RDC,16-Mar-12,14-Mar-12,14-Mar-12,ARV,Pediatric,SCMS from RDC,"Nevirapine 10mg/ml, oral suspension w/syringe, Bottle, 240 ml",Nevirapine,Generic,10mg/ml,Oral suspension,240,1090,2125.5,1.95,0.01,"Aurobindo Unit III, India",Yes,512,3438.2,2.98
84224,101-CD-T30,FPQ-11096,SO-43750,DN-3017,"Congo, DRC",PMO - US,From RDC,N/A - From RDC,Air,11/20/12,N/A - From RDC,18-Mar-13,8-Aug-13,8-Aug-13,ARV,Adult,SCMS from RDC,"Lamivudine/Nevirapine/Zidovudine 150/200/300mg, tablets, 60 Tabs",Lamivudine/Nevirapine/Zidovudine,Generic,150/300/200mg,Tablet - FDC,60,990,8494.2,8.58,0.14,Hetero Unit III Hyderabad IN,No,See DN-3017 (ID#:83108),See DN-3017 (ID#:83108),10.51
305,123-NG-T01,Pre-PQ Process,SCMS-15550,ASN-1269,Nigeria,PMO - US,Direct Drop,EXW,Air,Pre-PQ Process,Date Not Captured,5-Feb-08,5-Feb-08,5-Feb-08,HRDT,HIV test - Ancillary,"Orgenics, Ltd","HIV, Lancet, Safety, for HIV Test kits, 100 Pcs","HIV, Lancet, Safety, for HIV Test kits, 100 Pcs",Generic,,Test kit - Ancillary,100,650,6.5,0.01,0.0,Inverness Japan,Yes,Weight Captured Separately,Invoiced Separately,0.01
85639,114-UG-T30,FPQ-4470,SO-34010,DN-1548,Uganda,PMO - US,From RDC,N/A - From RDC,Air,8/17/09,N/A - From RDC,30-Nov-09,2-Dec-09,2-Dec-09,ARV,Adult,SCMS from RDC,"Nevirapine 200mg, tablets, 60 Tabs",Nevirapine,Generic,200mg,Tablet,60,2000,5800.0,2.9,0.05,"Aurobindo Unit III, India",No,See DN-1548 (ID#:85076),See DN-1548 (ID#:85076),11.37
84260,109-TZ-T30,FPQ-12015,SO-44981,DN-3155,Tanzania,PMO - US,From RDC,N/A - From RDC,Truck,4/2/13,N/A - From RDC,23-Aug-13,14-May-13,14-May-13,ARV,Pediatric,SCMS from RDC,"Lamivudine/Nevirapine/Stavudine 30/50/6mg, dispersible tablets, 60 Tabs",Lamivudine/Nevirapine/Stavudine,Generic,30/50/6mg,Chewable/dispersible tablet - FDC,60,12917,29709.1,2.3,0.04,"Cipla, Goa, India",Yes,2461,3592.8,36.75
83089,103-ZW-T30,FPQ-9907,SO-42270,DN-2914,Zimbabwe,PMO - US,From RDC,N/A - From RDC,Truck,5/15/12,N/A - From RDC,19-Nov-12,19-Nov-12,19-Nov-12,ARV,Pediatric,SCMS from RDC,"Lamivudine/Zidovudine 30/60mg, tablets, 60 Tabs",Lamivudine/Zidovudine,Generic,30/60mg,Tablet - FDC,60,26267,72496.92,2.76,0.05,Mylan (formerly Matrix) Nashik,Yes,1875,6933.75,101.64
42499,107-RW-T30,FPQ-4047,SCMS-50830,ASN-7095,Rwanda,PMO - US,Direct Drop,CIP,Air,7/28/09,8/18/09,13-Jun-10,13-Jun-10,13-Jun-10,ARV,Adult,HETERO LABS LIMITED,"Lamivudine 150mg, tablets, 60 Tabs",Lamivudine,Generic,150mg,Tablet,60,15030,38927.7,2.59,0.04,Hetero Unit III Hyderabad IN,Yes,933,3847.96,76.3
40209,104-CI-T30,FPQ-6897,SCMS-101001,ASN-11637,Côte d'Ivoire,PMO - US,Direct Drop,FCA,Air,1/5/11,4/1/11,18-Aug-11,18-Aug-11,18-Aug-11,ARV,Adult,ABBVIE LOGISTICS (FORMERLY ABBOTT LOGISTICS BV),"Lopinavir/Ritonavir 200/50mg [Aluvia], tablets, 120 Tabs",Lopinavir/Ritonavir,Aluvia,200/50mg,Tablet,120,16695,562621.5,33.7,0.28,ABBVIE Ludwigshafen Germany,Yes,4113,30130.82,928.33
11047,110-ZM-T01,Pre-PQ Process,SO-17620,DN-1239,Zambia,PMO - US,From RDC,N/A - From RDC,Truck,Pre-PQ Process,N/A - From RDC,8-Jun-09,8-Jun-09,8-Jun-09,ARV,Adult,SCMS from RDC,"Efavirenz 600mg, tablets, 30 Tabs",Efavirenz,Generic,600mg,Tablet,30,100000,1100000.0,11.0,0.37,Hetero Unit III Hyderabad IN,Yes,7735,15922.67,2156.0
85650,111-MZ-T30,FPQ-4471,SO-33590,DN-1628,Mozambique,PMO - US,From RDC,N/A - From RDC,Air,9/14/09,N/A - From RDC,14-Apr-10,14-Apr-10,14-Apr-10,ARV,Adult,SCMS from RDC,"Lamivudine/Nevirapine/Zidovudine 150/200/300mg, tablets, 60 Tabs",Lamivudine/Nevirapine/Zidovudine,Generic,150/300/200mg,Tablet - FDC,60,69685,781865.7,11.22,0.19,Mylan (formerly Matrix) Nashik,No,See DN-1628 (ID#:82291),See DN-1628 (ID#:82291),1532.46
59046,161-ZA-T30,FPQ-5648,SCMS-75830,ASN-9489,South Africa,PMO - US,Direct Drop,DDP,Ocean,6/2/10,6/17/10,29-Mar-11,29-Mar-11,29-Mar-11,ARV,Pediatric,Aurobindo Pharma Limited,"Lamivudine 10mg/ml, oral solution w/syringe, Bottle, 240 ml",Lamivudine,Generic,10mg/ml,Oral solution,240,45000,95400.0,2.12,0.01,"Aurobindo Unit III, India",Yes,16260,17060.14,205.68
85409,110-ZM-T30,FPQ-12066,SO-45092,DN-3362,Zambia,PMO - US,From RDC,N/A - From RDC,Truck,4/19/13,N/A - From RDC,29-Nov-13,29-Nov-13,12-Dec-13,ARV,Adult,SCMS from RDC,"Nevirapine 200mg, tablets, 60 Tabs",Nevirapine,Generic,200mg,Tablet,60,80000,180800.0,2.26,0.04,"Micro labs, Verna, Goa, India",Yes,6502,13300.01,223.65
56550,109-TZ-T30,FPQ-3782,SCMS-47741,ASN-5095,Tanzania,PMO - US,Direct Drop,FCA,Air,6/11/09,6/23/09,17-Nov-09,17-Nov-09,17-Nov-09,ARV,Adult,ABBVIE LOGISTICS (FORMERLY ABBOTT LOGISTICS BV),"Ritonavir 100mg [Norvir], capsules, cool, 4 x 84 Caps",Ritonavir,Norvir,100mg,Capsule,336,645,24742.2,38.36,0.11,ABBVIE (Abbott) Logis. UK,Yes,1210,7015.04,48.49
65717,161-ZA-T30,FPQ-7175,SCMS-103830,ASN-13290,South Africa,PMO - US,Direct Drop,DDP,Ocean,3/10/11,3/28/11,27-Jan-12,27-Jan-12,27-Jan-12,ARV,Pediatric,CIPLA LIMITED,"Lamivudine 10mg/ml, oral solution, Bottle, 240 ml",Lamivudine,Generic,10mg/ml,Oral solution,240,50000,103000.0,2.06,0.01,"Cipla, Goa, India",Yes,18417,11534.48,169.95
82572,114-UG-T30,FPQ-10945,SO-43620,DN-3128,Uganda,PMO - US,From RDC,N/A - From RDC,Air,11/6/12,N/A - From RDC,9-May-13,7-May-13,7-May-13,ARV,Adult,SCMS from RDC,"Efavirenz/Lamivudine/Tenofovir Disoproxil Fumarate 600/300/300mg, tablets, 30 Tabs",Efavirenz/Lamivudine/Tenofovir Disoproxil Fumarate,Generic,600/300/300mg,Tablet - FDC,30,229285,2412078.2,10.52,0.35,Hetero Unit III Hyderabad IN,Yes,29934,34003.7,2983.74
1213,108-VN-T01,Pre-PQ Process,SCMS-46550,ASN-4488,Vietnam,PMO - US,Direct Drop,CIP,Air,Pre-PQ Process,5/27/09,28-Jul-09,28-Jul-09,28-Jul-09,ARV,Pediatric,BRISTOL-MYERS SQUIBB,"Didanosine 25mg [Videx], chewable tablets, 60 Tabs",Didanosine,Videx,25mg,Chewable/dispersible tablet,60,400,2800.0,7.0,0.12,"BMS Meymac, France",Yes,148,14.36,5.49
12676,104-CI-T01,Pre-PQ Process,SO-543,DN-227,Côte d'Ivoire,PMO - US,From RDC,N/A - From RDC,,Pre-PQ Process,N/A - From RDC,18-Jul-07,18-Jul-07,18-Jul-07,HRDT,HIV test,SCMS from RDC,"HIV 1/2, Bioline 3.0 Kit, (no accessories), 30 Tests","HIV 1/2, Bioline 3.0 Kit (no accessories)",Bioline,,Test kit,30,167,3340.0,20.0,0.67,"Standard Diagnostics, Korea",Yes,67,1439,5.34
85565,113-ZW-T30,FPQ-14458,SO-49160,DN-4155,Zimbabwe,PMO - US,From RDC,N/A - From RDC,Truck,6/13/14,N/A - From RDC,31-Mar-15,17-Mar-15,18-Mar-15,ARV,Adult,SCMS from RDC,"Efavirenz/Lamivudine/Tenofovir Disoproxil Fumarate 600/300/300mg, tablets, 30 Tabs",Efavirenz/Lamivudine/Tenofovir Disoproxil Fumarate,Generic,600/300/300mg,Tablet - FDC,30,336000,3225600.0,9.6,0.32,Mylan (formerly Matrix) Nashik,Yes,37955,42077.59,3315.92
84367,107-RW-T30,FPQ-12766,SO-46501,DN-3699,Rwanda,PMO - US,From RDC,N/A - From RDC,Truck,8/2/13,N/A - From RDC,27-Jun-14,6-Jul-14,5-Aug-14,ARV,Adult,SCMS from RDC,"Lamivudine/Tenofovir Disoproxil Fumarate 300/300mg, tablets, 30 Tabs",Lamivudine/Tenofovir Disoproxil Fumarate,Generic,300/300mg,Tablet - FDC,30,53705,249191.2,4.64,0.15,Hetero Unit III Hyderabad IN,Yes,5565,34837.8,308.25
86788,102-BI-T30,FPQ-15406,SO-50280,DN-4178,Burundi,PMO - US,From RDC,N/A - From RDC,Air,11/19/14,N/A - From RDC,29-May-15,25-Mar-15,30-Mar-15,ARV,Adult,SCMS from RDC,"Lamivudine/Nevirapine/Zidovudine 150/200/300mg, tablets, 60 Tabs",Lamivudine/Nevirapine/Zidovudine,Generic,150/300/200mg,Tablet - FDC,60,1008,7781.76,7.72,0.13,"Hetero, Jadcherla, unit 5, IN",No,See DN-4178 (ID#:84460),See DN-4178 (ID#:84460),9.16
82389,113-ZW-T30,FPQ-6470,SO-37841,DN-2282,Zimbabwe,PMO - US,From RDC,N/A - From RDC,Truck,10/13/10,N/A - From RDC,15-Aug-11,11-Aug-11,11-Aug-11,ARV,Adult,SCMS from RDC,"Lamivudine/Nevirapine/Stavudine 150/200/30mg, tablets, 60 Tabs",Lamivudine/Nevirapine/Stavudine,Generic,150/200/30mg,Tablet - FDC,60,51722,278264.36,5.38,0.09,"Cipla, Goa, India",Yes,9134,16064.09,599.94
59776,110-ZM-T30,FPQ-8315,SCMS-120570,ASN-13032,Zambia,PMO - US,Direct Drop,EXW,Air,8/31/11,9/22/11,20-Dec-11,16-Dec-11,16-Dec-11,HRDT,HIV test,"Orgenics, Ltd","HIV 1/2, Determine Complete HIV Kit, 100 Tests","HIV 1/2, Determine Complete HIV Kit",Determine,,Test kit,100,2870,229600.0,80.0,0.8,"Alere Medical Co., Ltd.",Yes,1368,25037.09,378.84
63939,104-CI-T30,FPQ-8209,SCMS-124110,ASN-12707,Côte d'Ivoire,PMO - US,Direct Drop,EXW,Air,8/11/11,10/5/11,1-Dec-11,1-Dec-11,1-Dec-11,HRDT,HIV test,"CHEMBIO DIAGNOSTIC SYSTEMS, INC.","HIV 1/2, Stat-Pak HIV, Kit, 20 Tests","HIV 1/2, Stat-Pak HIV, Kit",Stat-Pak,,Test kit,20,167,4843.0,29.0,1.45,Chembio Diagnostics Sys. Inc.,Yes,50,1128.74,7.99
82575,114-UG-T30,FPQ-11133,SO-43873,DN-3153,Uganda,PMO - US,From RDC,N/A - From RDC,Truck,12/13/12,N/A - From RDC,28-Jun-13,7-Jun-13,7-Jun-13,ARV,Pediatric,SCMS from RDC,"Lamivudine/Nevirapine/Stavudine 30/50/6mg, dispersible tablets, 60 Tabs",Lamivudine/Nevirapine/Stavudine,Generic,30/50/6mg,Chewable/dispersible tablet - FDC,60,475,1092.5,2.3,0.04,"Cipla, Goa, India",Yes,1982,8163.74,1.35
12654,109-TZ-T01,Pre-PQ Process,SO-306,DN-144,Tanzania,PMO - US,From RDC,N/A - From RDC,Air,Pre-PQ Process,N/A - From RDC,6-Jul-07,6-Jul-07,6-Jul-07,HRDT,HIV test,SCMS from RDC,"HIV 1/2, Bioline 3.0 Kit, Lancets, Capillary pipets, Alcohol swabs included, 25 Tests","HIV 1/2, Bioline 3.0 Kit, Lancets, Capillary pipets, Alcohol swabs included",Bioline,,Test kit,25,1539,30780.0,20.0,0.8,"Standard Diagnostics, Korea",No,See DN-144 (ID#:12058),See DN-144 (ID#:12058),
2733,104-CI-T01,Pre-PQ Process,SCMS-593,ASN-452,Côte d'Ivoire,PMO - US,Direct Drop,EXW,Air,Pre-PQ Process,5/1/07,28-Jun-07,28-Jun-07,28-Jun-07,HRDT,HIV test,Orasure Technologies Inc.,"HIV 1/2, OraQuick Advance HIV Rapid Antibody Kit, 100 Tests","HIV 1/2, OraQuick Advance HIV Rapid Antibody Kit",OraQuick,,Test kit,100,50,20000.0,400.0,4.0,"Pacific Biotech, Thailand",Yes,120,3004.62,
85440,111-MZ-T30,FPQ-13123,SO-47081,DN-3558,Mozambique,PMO - US,From RDC,N/A - From RDC,Truck,10/21/13,N/A - From RDC,15-Apr-14,28-Mar-14,4-Apr-14,ARV,Adult,SCMS from RDC,"Lamivudine/Tenofovir Disoproxil Fumarate 300/300mg, tablets, 30 Tabs",Lamivudine/Tenofovir Disoproxil Fumarate,Generic,300/300mg,Tablet - FDC,30,1638,7698.6,4.7,0.16,"Cipla, Kurkumbh, India",No,See DN-3558 (ID#:83766),See DN-3558 (ID#:83766),7.91
85173,151-NG-T30,FPQ-6243,SO-38320,DN-2090,Nigeria,PMO - US,From RDC,N/A - From RDC,Air Charter,8/25/10,N/A - From RDC,22-Feb-11,16-Feb-11,16-Feb-11,ARV,Adult,SCMS from RDC,"Stavudine 30mg, capsules, 60 Caps",Stavudine,Generic,30mg,Capsule,60,200,280.0,1.4,0.02,"Aurobindo Unit III, India",No,See DN-2090 (ID#:82366),See DN-2090 (ID#:82366),0.6
85227,101-CD-T30,FPQ-8840,SO-41142,DN-2506,"Congo, DRC",PMO - US,From RDC,N/A - From RDC,Air,11/21/11,N/A - From RDC,16-Mar-12,14-Mar-12,14-Mar-12,ARV,Pediatric,SCMS from RDC,"Nevirapine 10mg/ml, oral suspension w/syringe, Bottle, 240 ml",Nevirapine,Generic,10mg/ml,Oral suspension,240,620,1209.0,1.95,0.01,"Aurobindo Unit III, India",No,See DN-2506 (ID#:82439),See DN-2506 (ID#:82439),1.7
86385,151-NG-T30,FPQ-7217,SO-39610,DN-2225,Nigeria,PMO - US,From RDC,N/A - From RDC,Air Charter,2/21/11,N/A - From RDC,15-Jun-11,6-Jul-11,6-Jul-11,ARV,Adult,SCMS from RDC,"Lamivudine/Nevirapine/Zidovudine 150/200/300mg, tablets, 60 Tabs",Lamivudine/Nevirapine/Zidovudine,Generic,150/300/200mg,Tablet - FDC,60,87357,980145.54,11.22,0.19,Mylan (formerly Matrix) Nashik,No,See DN-2225 (ID#:84650),See DN-2225 (ID#:84650),1617.24
12060,111-MZ-T01,Pre-PQ Process,SO-578,DN-184,Mozambique,PMO - US,From RDC,N/A - From RDC,Air,Pre-PQ Process,N/A - From RDC,11-Jul-07,11-Jul-07,11-Jul-07,ARV,Adult,SCMS from RDC,"Lopinavir/Ritonavir 200/50mg [Aluvia], tablets, 120 Tabs",Lopinavir/Ritonavir,Aluvia,200/50mg,Tablet,120,801,32921.1,41.1,0.34,ABBVIE Ludwigshafen Germany,Yes,333,630.23,
85459,104-CI-T30,FPQ-13142,SO-47131,DN-3632,Côte d'Ivoire,PMO - US,From RDC,N/A - From RDC,Truck,10/22/13,N/A - From RDC,30-Apr-14,25-Apr-14,11-Jun-14,ARV,Adult,SCMS from RDC,"Abacavir 300mg, tablets, 60 Tabs",Abacavir,Generic,300mg,Tablet,60,10620,119262.6,11.23,0.19,"Aurobindo Unit III, India",No,See DN-3632 (ID#:82665),See DN-3632 (ID#:82665),122.6
84078,151-NG-T30,FPQ-6800,SO-39170,DN-2167,Nigeria,PMO - US,From RDC,N/A - From RDC,Air Charter,12/7/10,N/A - From RDC,21-Jun-11,11-May-11,11-May-11,ARV,Adult,SCMS from RDC,"Efavirenz 600mg, tablets, 30 Tabs",Efavirenz,Generic,600mg,Tablet,30,87744,370279.68,4.22,0.14,Mylan (formerly Matrix) Nashik,Yes,7194,12601.07,610.96
85356,103-SS-T30,FPQ-11489,SO-44630,DN-3125,South Sudan,PMO - US,From RDC,N/A - From RDC,Air,1/16/13,N/A - From RDC,30-Apr-13,24-Apr-13,24-Apr-13,ARV,Adult,SCMS from RDC,"Efavirenz/Lamivudine/Tenofovir Disoproxil Fumarate 600/300/300mg, tablets, 30 Tabs",Efavirenz/Lamivudine/Tenofovir Disoproxil Fumarate,Generic,600/300/300mg,Tablet - FDC,30,1278,13444.56,10.52,0.35,Hetero Unit III Hyderabad IN,No,See DN-3125 (ID#:82571),See DN-3125 (ID#:82571),16.63
83553,111-MZ-T30,FPQ-8157,SO-40370,DN-2488,Mozambique,PMO - US,From RDC,N/A - From RDC,Truck,8/4/11,N/A - From RDC,29-Feb-12,8-Mar-12,8-Mar-12,ARV,Adult,SCMS from RDC,"Lamivudine/Zidovudine 150/300mg, tablets, 60 Tabs",Lamivudine/Zidovudine,Generic,150/300mg,Tablet - FDC,60,28168,232667.68,8.26,0.14,"Aurobindo Unit VII, IN",Yes,318,6025.73,383.9
67661,105-GY-T30,FPQ-12626,SCMS-201380,ASN-22952,Guyana,PMO - US,Direct Drop,EXW,Air,7/16/13,8/2/13,4-Dec-13,4-Dec-13,20-Dec-13,ARV,Pediatric,Aurobindo Pharma Limited,"Zidovudine 100mg, capsules, 100 Caps",Zidovudine,Generic,100mg,Capsule,100,114,513.0,4.5,0.04,"Aurobindo Unit III, India",Yes,5,672.49,0.63
86788,102-BI-T30,FPQ-15406,SO-50280,DN-4178,Burundi,PMO - US,From RDC,N/A - From RDC,Air,11/19/14,N/A - From RDC,29-May-15,25-Mar-15,30-Mar-15,ARV,Adult,SCMS from RDC,"Lamivudine/Nevirapine/Zidovudine 150/200/300mg, tablets, 60 Tabs",Lamivudine/Nevirapine/Zidovudine,Generic,150/300/200mg,Tablet - FDC,60,1008,7781.76,7.72,0.13,"Hetero, Jadcherla, unit 5, IN",No,See DN-4178 (ID#:84460),See DN-4178 (ID#:84460),9.16
35559,116-ZA-T30,FPQ-12522,SCMS-199283,ASN-27976,South Africa,PMO - US,Direct Drop,DDP,Truck,7/11/13,8/27/14,27-Aug-14,27-Aug-14,27-Aug-14,ARV,Pediatric,S. BUYS WHOLESALER,"Efavirenz 50mg, capsule, 30 Caps",Efavirenz,Generic,50mg,Capsule,30,18,59.69,3.32,0.11,"Aurobindo Unit III, India",No,Weight Captured Separately,Freight Included in Commodity Cost,0.07
64588,104-CI-T30,FPQ-4381,SCMS-57600,ASN-6504,Côte d'Ivoire,PMO - US,Direct Drop,FCA,Air,11/5/09,11/23/09,7-Apr-10,7-Apr-10,7-Apr-10,ARV,Adult,ABBVIE LOGISTICS (FORMERLY ABBOTT LOGISTICS BV),"Ritonavir 100mg [Norvir], capsules, cool, 4 x 84 Caps",Ritonavir,Norvir,100mg,Capsule,336,680,26084.8,38.36,0.11,ABBVIE (Abbott) Logis. UK,Yes,1299,9689.81,51.13
83508,110-ZM-T30,FPQ-6677,SO-38060,DN-2254,Zambia,PMO - US,From RDC,N/A - From RDC,Truck,11/8/10,N/A - From RDC,15-Jul-11,11-Jul-11,11-Jul-11,ARV,Adult,SCMS from RDC,"Lamivudine 150mg, tablets, 60 Tabs",Lamivudine,Generic,150mg,Tablet,60,18579,43289.07,2.33,0.04,Hetero Unit III Hyderabad IN,Yes,2029,6801.72,71.43
11294,106-HT-T01,Pre-PQ Process,SO-23750,DN-1100,Haiti,PMO - US,From RDC,N/A - From RDC,Air,Pre-PQ Process,N/A - From RDC,3-Mar-09,3-Mar-09,3-Mar-09,ARV,Pediatric,SCMS from RDC,"Efavirenz 200mg, capsule, 90 Caps",Efavirenz,Generic,200mg,Capsule,90,210,3204.6,15.26,0.17,"Aurobindo Unit III, India",No,See DN-1100 (ID#:11005),See DN-1100 (ID#:11005),6.28
20969,107-RW-T30,FPQ-13874,SCMS-232310,ASN-25925,Rwanda,PMO - US,Direct Drop,EXW,Air,3/12/14,4/3/14,28-Apr-14,16-Jun-14,17-Jun-14,HRDT,HIV test,"SHANGHAI KEHUA BIOENGINEERING CO.,LTD.  (KHB)","HIV 1/2, SKB Colloidal Gold, Diagnostic Kit, Antibody, 50 Tests","HIV 1/2, Colloidal Gold, Diagnostic Kit, Antibody",Colloidal Gold,,Test kit,1,4156,101822.0,24.5,24.5,"KHB Test Kit Facility, Shanghai China",Yes,2771,36502.8,104.67
12256,117-ET-T01,Pre-PQ Process,SO-22030,DN-1062,Ethiopia,PMO - US,From RDC,N/A - From RDC,Air,Pre-PQ Process,N/A - From RDC,4-Mar-09,4-Mar-09,4-Mar-09,ARV,Adult,SCMS from RDC,"Lamivudine/Nevirapine/Stavudine 150/200/30mg, tablets, 60 Tabs",Lamivudine/Nevirapine/Stavudine,Generic,150/200/30mg,Tablet - FDC,60,107556,765798.72,7.12,0.12,"Cipla, Goa, India",Yes,14450,14144.68,1500.97
34010,114-UG-T30,FPQ-15303,SCMS-264961,ASN-32047,Uganda,PMO - US,Direct Drop,EXW,Air,11/11/14,11/25/14,26-May-15,26-May-15,1-Jun-15,ARV,Adult,EMCURE PHARMACEUTICALS LTD,"Atazanavir/Ritonavir 300/100mg, tablets, 30 Tabs",Atazanavir/Ritonavir,Generic,300/100mg,Tablet,30,1000,18000.0,18.0,0.6,"Emcure Plot No.P-2, I.T-B.T. Park, Phase II, MIDC, Hinjwadi, Pune, India",Yes,132,1329.99,21.19
71532,101-CD-T30,FPQ-13555,SCMS-241110,ASN-26614,"Congo, DRC",PMO - US,Direct Drop,EXW,Air,3/19/14,5/27/14,29-Aug-14,29-Aug-14,23-Sep-14,ARV,Pediatric,Aurobindo Pharma Limited,"Nevirapine 50mg, dispersible tablets (tablets for oral suspension), 30 Tabs",Nevirapine,Generic,50mg,Chewable/dispersible tablet,30,240,312.0,1.3,0.04,"Aurobindo Unit III, India",Yes,30,1678.57,0.32
48301,104-CI-T30,FPQ-9394,SCMS-141430,ASN-15398,Côte d'Ivoire,PMO - US,Direct Drop,EXW,Air,2/28/12,3/22/12,5-Jul-12,5-Jul-12,5-Jul-12,HRDT,HIV test,"Orgenics, Ltd","HIV 1/2, Determine Complete HIV Kit, 100 Tests","HIV 1/2, Determine Complete HIV Kit",Determine,,Test kit,100,6290,503200.0,80.0,0.8,"Alere Medical Co., Ltd.",Yes,2995,57933.93,705.49
85369,151-NG-T30,FPQ-11022,SO-43850,DN-3199,Nigeria,PMO - US,From RDC,N/A - From RDC,Air Charter,11/15/12,N/A - From RDC,4-Jun-13,29-May-13,29-May-13,ARV,Adult,SCMS from RDC,"Efavirenz 600mg, tablets, 30 Tabs",Efavirenz,Generic,600mg,Tablet,30,1428,4755.24,3.33,0.11,"Aurobindo Unit VII, IN",No,See DN-3199 (ID#:84270),See DN-3199 (ID#:84270),5.88
84232,114-UG-T30,FPQ-11143,SO-43950,DN-3040,Uganda,PMO - US,From RDC,N/A - From RDC,Truck,12/13/12,N/A - From RDC,8-Mar-13,7-Mar-13,7-Mar-13,ARV,Adult,SCMS from RDC,"Lamivudine/Nevirapine/Zidovudine 150/200/300mg, tablets, 60 Tabs",Lamivudine/Nevirapine/Zidovudine,Generic,150/300/200mg,Tablet - FDC,60,42717,366511.86,8.58,0.14,"Cipla, Goa, India",Yes,5732,25118.88,453.38
83459,102-UG-T30,FPQ-6403,SO-37480,DN-2031,Uganda,PMO - US,From RDC,N/A - From RDC,Air,9/16/10,N/A - From RDC,20-Oct-10,26-Oct-10,26-Oct-10,ARV,Adult,SCMS from RDC,"Lamivudine/Nevirapine/Stavudine 150/200/30mg, tablets, 60 Tabs",Lamivudine/Nevirapine/Stavudine,Generic,150/200/30mg,Tablet - FDC,60,1193,6835.89,5.73,0.1,"Cipla, Goa, India",Yes,144,1413.56,14.74
10367,116-ZA-T01,Pre-PQ Process,SCMS-49550,ASN-4610,South Africa,PMO - US,Direct Drop,DDP,Truck,Pre-PQ Process,3/27/09,25-Jun-09,25-Jun-09,25-Jun-09,ARV,Adult,S. BUYS WHOLESALER,"Lamivudine 150mg [Epivir], tablets, 60 Tabs",Lamivudine,Epivir,150mg,Tablet,60,7000,37520.0,5.36,0.09,GSK Cape Town Factory (South Africa),Yes,Weight Captured Separately,Freight Included in Commodity Cost,73.54
11938,106-HT-T01,Pre-PQ Process,SO-23790,DN-1109,Haiti,PMO - US,From RDC,N/A - From RDC,Air,Pre-PQ Process,N/A - From RDC,10-Mar-09,10-Mar-09,10-Mar-09,ARV,Adult,SCMS from RDC,"Abacavir 300mg, tablets, 60 Tabs",Abacavir,Generic,300mg,Tablet,60,450,11452.5,25.45,0.42,Mylan (formerly Matrix) Nashik,Yes,47,1432.88,22.45
82314,110-ZM-T30,FPQ-4273,SO-35840,DN-1776,Zambia,PMO - US,From RDC,N/A - From RDC,Truck,9/17/09,N/A - From RDC,17-May-10,11-May-10,11-May-10,ARV,Pediatric,SCMS from RDC,"Didanosine 100mg, chewable/dispersible tablets, 60 Tabs",Didanosine,Generic,100mg,Chewable/dispersible tablet,60,2500,19300.0,7.72,0.13,"Aurobindo Unit III, India",Yes,526,4964.27,37.83
16473,109-TZ-T30,FPQ-6936,SCMS-100631,ASN-10904,Tanzania,PMO - US,Direct Drop,EXW,Air,12/27/10,5/2/11,14-Jul-11,14-Jul-11,14-Jul-11,HRDT,HIV test,"Standard Diagnostics, Inc.","HIV 1/2, Bioline 3.0 Kit, Lancets, Capillary pipets, Alcohol swabs included, 25 Tests","HIV 1/2, Bioline 3.0 Kit, Lancets, Capillary pipets, Alcohol swabs included",Bioline,,Test kit,25,10000,200000.0,20.0,0.8,"Standard Diagnostics, Korea",Yes,3335,23650.43,330.0
19656,161-ZA-T30,FPQ-6262,SCMS-84250,ASN-9052,South Africa,PMO - US,Direct Drop,DDP,Ocean,8/31/10,9/21/10,15-Dec-10,15-Dec-10,15-Dec-10,ARV,Adult,STRIDES ARCOLAB LIMITED,"Lamivudine 150mg, tablets, 60 Tabs",Lamivudine,Generic,150mg,Tablet,60,168711,416716.17,2.47,0.04,"Strides, Bangalore, India.",Yes,8183,12225.76,898.44
85394,114-UG-T30,FPQ-12253,SO-45460,DN-3271,Uganda,PMO - US,From RDC,N/A - From RDC,Air,5/8/13,N/A - From RDC,2-Sep-13,2-Sep-13,2-Sep-13,ARV,Adult,SCMS from RDC,"Lamivudine/Nevirapine/Zidovudine 150/200/300mg, tablets, 60 Tabs",Lamivudine/Nevirapine/Zidovudine,Generic,150/300/200mg,Tablet - FDC,60,59680,512054.4,8.58,0.14,Hetero Unit III Hyderabad IN,Yes,9886,58707,633.41
7127,116-ZA-T01,Pre-PQ Process,SCMS-23500,ASN-2293,South Africa,PMO - US,Direct Drop,DDP,Truck,Pre-PQ Process,Date Not Captured,20-Aug-08,8-May-08,8-May-08,ARV,Adult,S. BUYS WHOLESALER,"Efavirenz 600mg, tablets, 30 Tabs",Efavirenz,Generic,600mg,Tablet,30,1500,23790.0,15.86,0.53,"Cipla, Goa, India",No,Weight Captured Separately,Freight Included in Commodity Cost,38.06
12923,100-GH-T01,Pre-PQ Process,SO-33650,DN-1473,Ghana,PMO - US,From RDC,N/A - From RDC,Truck,Date Not Captured,N/A - From RDC,30-Sep-09,12-Aug-09,12-Aug-09,ARV,Pediatric,SCMS from RDC,"Lopinavir/Ritonavir 80/20mg/ml [Kaletra], oral solution, cool, Bottle 5 x 60 ml",Lopinavir/Ritonavir,Kaletra,80/20mg/ml,Oral solution,300,896,8.96,0.01,0.0,ABBVIE (Abbott) Logis. UK,No,See DN-1473 (ID#:11358),See DN-1473 (ID#:11358),0.02
86566,151-NG-T30,FPQ-11022,SO-43843,DN-3130,Nigeria,PMO - US,From RDC,N/A - From RDC,Air Charter,11/15/12,N/A - From RDC,21-May-13,3-May-13,3-May-13,ARV,Adult,SCMS from RDC,"Lopinavir/Ritonavir 200/50mg, tablets, 120 Tabs",Lopinavir/Ritonavir,Generic,200/50mg,Tablet,120,50000,1089000.0,21.78,0.18,"Aurobindo Unit III, India",No,See DN-3130 (ID#:84252),See DN-3130 (ID#:84252),1347.09
84750,900-UG-T30,FPQ-10048,SO-42620,DN-2824,Uganda,PMO - US,From RDC,N/A - From RDC,Air,6/6/12,N/A - From RDC,30-Oct-12,30-Oct-12,30-Oct-12,ARV,Adult,SCMS from RDC,"Nevirapine 200mg, tablets, 60 Tabs",Nevirapine,Generic,200mg,Tablet,60,36000,87840.0,2.44,0.04,"Strides, Bangalore, India.",Yes,2026,10095.9,123.15
20294,110-ZM-T30,FPQ-12662,SCMS-202390,ASN-23686,Zambia,PMO - US,Direct Drop,EXW,Air,7/22/13,8/12/13,14-Feb-14,14-Feb-14,18-Feb-14,ARV,Adult,MYLAN LABORATORIES LTD (FORMERLY MATRIX LABORATORIES),"Emtricitabine/Tenofovir Disoproxil Fumarate 200/300mg, tablets, 30 Tabs",Emtricitabine/Tenofovir Disoproxil Fumarate,Generic,200/300mg,Tablet - FDC,30,300000,1722000.0,5.74,0.19,Mylan (formerly Matrix) Nashik,Yes,24233,119474.09,2130.11
50893,161-ZA-T30,FPQ-6708,SCMS-93470,ASN-11007,South Africa,PMO - US,Direct Drop,DDP,Air,11/26/10,12/14/10,11-Jul-11,11-Jul-11,11-Jul-11,ARV,Pediatric,GLAXOSMITHKLINE EXPORT LIMITED,"Abacavir 20mg/ml [Ziagen], oral solution, Bottle, 240 ml",Abacavir,Ziagen,20mg/ml,Oral solution,240,32000,320640.0,10.02,0.04,GSK Mississauga (Canada),Yes,12374,11865.62,529.06
52175,116-ZA-T30,FPQ-3560,SCMS-50940,ASN-5472,South Africa,PMO - US,Direct Drop,DDP,Truck,5/7/09,8/3/09,8-Oct-09,14-Oct-09,14-Oct-09,ARV,Pediatric,S. BUYS WHOLESALER,"Stavudine 1mg/ml, powder for oral solution, 200 ml",Stavudine,Generic,1mg/ml,Oral solution,200,1700,4270.78,2.51,0.01,"Aurobindo Unit III, India",Yes,Weight Captured Separately,Freight Included in Commodity Cost,8.37
11595,110-ZM-T01,Pre-PQ Process,SO-17600,DN-1116,Zambia,PMO - US,From RDC,N/A - From RDC,Air,Pre-PQ Process,N/A - From RDC,17-Mar-09,17-Mar-09,17-Mar-09,ARV,Adult,SCMS from RDC,"Efavirenz 600mg, tablets, 30 Tabs",Efavirenz,Generic,600mg,Tablet,30,100000,1100000.0,11.0,0.37,"Aurobindo Unit III, India",Yes,8645,14041.17,2156.0
72445,104-CI-T30,FPQ-10764,SCMS-162872,ASN-20045,Côte d'Ivoire,PMO - US,Direct Drop,EXW,Air,10/10/12,4/17/13,24-Jun-13,24-Jun-13,24-Jun-13,HRDT,HIV test,BIO-RAD LABORATORIES (FRANCE),"HIV 1/2, Genie III Kit, 50 Tests","HIV 1/2, Genie III Kit",Genie,,Test kit,50,300,27300.0,91.0,1.82,Bio-Rad Laboratories,Yes,728,6879.32,38.27
14265,108-VN-T30,FPQ-11418,SCMS-176190,ASN-19193,Vietnam,PMO - US,Direct Drop,EXW,Air,1/29/13,2/5/13,24-May-13,24-May-13,24-May-13,ARV,Pediatric,Aurobindo Pharma Limited,"Nevirapine 10mg/ml, oral suspension w/syringe, Bottle, 240 ml",Nevirapine,Generic,10mg/ml,Oral suspension,240,263,486.55,1.85,0.01,"Aurobindo Unit III, India",Yes,182,5970.85,0.6
44,110-ZM-T01,Pre-PQ Process,SCMS-139,ASN-130,Zambia,PMO - US,Direct Drop,DDU,Air,Pre-PQ Process,Date Not Captured,8-Jan-07,8-Jan-07,8-Jan-07,ARV,Pediatric,MERCK SHARP & DOHME IDEA GMBH (FORMALLY MERCK SHARP & DOHME B.V.),"Efavirenz 200mg [Stocrin/Sustiva], capsule, 90 Caps",Efavirenz,Stocrin/Sustiva,200mg,Capsule,90,135,4374.0,32.4,0.36,MSD South Granville Australia,Yes,328,Freight Included in Commodity Cost,
16556,107-RW-T30,FPQ-8741,SCMS-129500,ASN-15286,Rwanda,PMO - US,Direct Drop,EXW,Air,11/30/11,3/14/12,29-Jun-12,29-Jun-12,29-Jun-12,ARV,Adult,CIPLA LIMITED,"Lopinavir/Ritonavir 200/50mg, tablets, 120 Tabs",Lopinavir/Ritonavir,Generic,200/50mg,Tablet,120,2074,74746.96,36.04,0.3,Cipla Ltd A-42 MIDC Mahar. IN,Yes,627,6072.8,104.8
11314,106-HT-T01,Pre-PQ Process,SO-24830,DN-1205,Haiti,PMO - US,From RDC,N/A - From RDC,Air,Pre-PQ Process,N/A - From RDC,19-May-09,19-May-09,19-May-09,ARV,Pediatric,SCMS from RDC,"Efavirenz 200mg, capsule, 90 Caps",Efavirenz,Generic,200mg,Capsule,90,420,6409.2,15.26,0.17,"Aurobindo Unit III, India",Yes,199,3133.23,12.56
83619,102-CD-T30,FPQ-9906,SO-42340,DN-2812,"Congo, DRC",PMO - US,From RDC,N/A - From RDC,Air,5/15/12,N/A - From RDC,14-Feb-13,14-Feb-13,14-Feb-13,ARV,Pediatric,SCMS from RDC,"Nevirapine 10mg/ml, oral suspension w/syringe, Bottle, 240 ml",Nevirapine,Generic,10mg/ml,Oral suspension,240,6172,12035.4,1.95,0.01,"Aurobindo Unit III, India",No,See DN-2812 (ID#:83068),See DN-2812 (ID#:83068),16.87
85068,112-NG-T30,FPQ-4040,SO-32980,DN-1456,Nigeria,PMO - US,From RDC,N/A - From RDC,Air Charter,7/29/09,N/A - From RDC,15-Oct-09,20-Oct-09,20-Oct-09,ARV,Adult,SCMS from RDC,"Nevirapine 200mg, tablets, 60 Tabs",Nevirapine,Generic,200mg,Tablet,60,3000,8700.0,2.9,0.05,"Aurobindo Unit III, India",No,See DN-1456 (ID#:83952),See DN-1456 (ID#:83952),17.05
3753,116-ZA-T01,Pre-PQ Process,SCMS-41210,ASN-3737,South Africa,PMO - US,Direct Drop,DDP,Air,Pre-PQ Process,Date Not Captured,30-Mar-09,23-Jan-09,23-Jan-09,ARV,Adult,S. BUYS WHOLESALER,"Saquinavir 200mg [Invirase], capsules, 270 Caps",Saquinavir,Invirase,200mg,Capsule,270,2,114.9,57.45,0.21,Roche Basel,Yes,Weight Captured Separately,Freight Included in Commodity Cost,0.23
11454,117-ET-T01,Pre-PQ Process,SO-914,DN-332,Ethiopia,PMO - US,From RDC,N/A - From RDC,,Pre-PQ Process,N/A - From RDC,4-Sep-07,4-Sep-07,4-Sep-07,ARV,Adult,SCMS from RDC,"Lamivudine 150mg, tablets, 60 Tabs",Lamivudine,Generic,150mg,Tablet,60,15960,48518.4,3.04,0.05,"Aurobindo Unit III, India",No,See DN-332 (ID#:10613),See DN-332 (ID#:10613),77.63
82962,110-ZM-T30,FPQ-6677,SO-38940,DN-2272,Zambia,PMO - US,From RDC,N/A - From RDC,Truck,11/8/10,N/A - From RDC,22-Aug-11,5-Aug-11,5-Aug-11,ARV,Adult,SCMS from RDC,"Abacavir 300mg, tablets, 60 Tabs",Abacavir,Generic,300mg,Tablet,60,5125,77080.0,15.04,0.25,Mylan (formerly Matrix) Nashik,Yes,523,3949.19,127.18
46099,161-ZA-T30,FPQ-5303,SCMS-68950,ASN-7083,South Africa,PMO - US,Direct Drop,DDP,Air,3/18/10,3/19/10,9-Jun-10,10-Jun-10,10-Jun-10,ARV,Adult,Aurobindo Pharma Limited,"Nevirapine 200mg, tablets, 60 Tabs",Nevirapine,Generic,200mg,Tablet,60,38341,111955.72,2.92,0.05,"Aurobindo Unit III, India",Yes,4522,6369.8,241.38
58192,161-ZA-T30,FPQ-6262,SCMS-84230,ASN-9617,South Africa,PMO - US,Direct Drop,DDP,Ocean,8/31/10,9/21/10,5-Apr-11,5-Apr-11,5-Apr-11,ARV,Adult,STRIDES ARCOLAB LIMITED,"Nevirapine 200mg, tablets, 60 Tabs",Nevirapine,Generic,200mg,Tablet,60,172428,494868.36,2.87,0.05,"Strides, Bangalore, India.",Yes,10859,17278.96,1066.94
61612,106-HT-T30,FPQ-14895,SCMS-261010,ASN-32057,Haiti,PMO - US,Direct Drop,EXW,Air,9/24/14,11/14/14,28-May-15,28-May-15,29-May-15,ARV,Adult,EMCURE PHARMACEUTICALS LTD,"Atazanavir/Ritonavir 300/100mg, tablets, 30 Tabs",Atazanavir/Ritonavir,Generic,300/100mg,Tablet,30,1000,18000.0,18.0,0.6,"Emcure Plot No.P-2, I.T-B.T. Park, Phase II, MIDC, Hinjwadi, Pune, India",Yes,132,1579.89,18.5
84281,102-ZW-T30,FPQ-11477,SO-44270,DN-3287,Zimbabwe,PMO - US,From RDC,N/A - From RDC,Truck,1/16/13,N/A - From RDC,20-Sep-13,20-Sep-13,20-Sep-13,ARV,Adult,SCMS from RDC,"Efavirenz/Lamivudine/Tenofovir Disoproxil Fumarate 600/300/300mg, tablets, 30 Tabs",Efavirenz/Lamivudine/Tenofovir Disoproxil Fumarate,Generic,600/300/300mg,Tablet - FDC,30,59680,627833.6,10.52,0.35,Hetero Unit III Hyderabad IN,Yes,7831,4529.65,776.63
21493,102-BI-T30,FPQ-12580,SCMS-199580,ASN-21349,Burundi,PMO - US,Direct Drop,EXW,Air,7/9/13,7/31/13,20-Sep-13,20-Sep-13,20-Sep-13,HRDT,HIV test,"CHEMBIO DIAGNOSTIC SYSTEMS, INC.","HIV 1/2, Stat-Pak Dipstick Assay Kit, 30 Tests","HIV 1/2, Stat-Pak Dipstick Assay Kit",Stat-Pak,,Test kit,30,1249,34472.4,27.6,0.92,Chembio Diagnostics Sys. Inc.,Yes,145,1682.15,42.64
84847,109-TZ-T30,FPQ-12015,SO-44983,DN-3295,Tanzania,PMO - US,From RDC,N/A - From RDC,Truck,4/2/13,N/A - From RDC,15-Oct-13,10-Sep-13,10-Sep-13,ARV,Adult,SCMS from RDC,"Abacavir 300mg, tablets, 60 Tabs",Abacavir,Generic,300mg,Tablet,60,3342,38299.32,11.46,0.19,"Aurobindo Unit III, India",No,See DN-3295 (ID#:83155),See DN-3295 (ID#:83155),47.38
85559,103-ZW-T30,FPQ-13967,SO-48432,DN-4116,Zimbabwe,PMO - US,From RDC,N/A - From RDC,Truck,4/2/14,N/A - From RDC,16-Feb-15,4-Feb-15,16-Feb-15,ARV,Pediatric,SCMS from RDC,"Lamivudine/Nevirapine/Zidovudine 30/50/60mg, dispersible tablets, 60 Tabs",Lamivudine/Nevirapine/Zidovudine,Generic,30/50/60mg,Chewable/dispersible tablet - FDC,60,203160,761850.0,3.75,0.06,Mylan (formerly Matrix) Nashik,Yes,11353,12654.78,783.18
84321,107-RW-T30,FPQ-13457,SO-47480,DN-3492,Rwanda,PMO - US,From RDC,N/A - From RDC,Truck,12/18/13,N/A - From RDC,28-Feb-14,25-Feb-14,7-Mar-14,ARV,Pediatric,SCMS from RDC,"Efavirenz 200mg, scored tablets, 90 Tabs",Efavirenz,Generic,200mg,Tablet,90,2586,24049.8,9.3,0.1,"Strides, Bangalore, India.",Yes,164,2737.75,24.72
5113,107-RW-T01,Pre-PQ Process,SCMS-43900,ASN-4553,Rwanda,PMO - US,Direct Drop,CIP,Air,Pre-PQ Process,7/15/09,12-Aug-09,12-Aug-09,12-Aug-09,ARV,Adult,HETERO LABS LIMITED,"Efavirenz 600mg, tablets, 30 Tabs",Efavirenz,Generic,600mg,Tablet,30,28034,195677.32,6.98,0.23,Hetero Unit III Hyderabad IN,Yes,2268,19023.36,383.53
84057,111-MZ-T30,FPQ-6426,SO-37600,DN-2086,Mozambique,PMO - US,From RDC,N/A - From RDC,Truck,9/23/10,N/A - From RDC,10-Mar-11,2-Mar-11,2-Mar-11,ARV,Adult,SCMS from RDC,"Lamivudine/Stavudine 150/30mg, tablets, 60 Tabs",Lamivudine/Stavudine,Generic,150/30mg,Tablet - FDC,60,23448,76909.44,3.28,0.05,"Cipla, Goa, India",Yes,1804,4815.8,165.82
59970,101-ZA-T30,FPQ-12932,SCMS-206101,ASN-24548,South Africa,PMO - US,Direct Drop,DDP,Truck,9/7/13,11/28/13,5-Feb-14,5-Feb-14,17-Feb-14,ARV,Adult,PHARMACY DIRECT,"Efavirenz/Emtricitabine/Tenofovir Disoproxil Fumarate 600/200/300mg, tablets, 30 Tabs",Efavirenz/Emtricitabine/Tenofovir Disoproxil Fumarate,Generic,600/200/300mg,Tablet - FDC,30,5409,206791.05,38.23,1.27,"Aurobindo Unit VII, IN",Yes,Weight Captured Separately,Freight Included in Commodity Cost,255.8
33314,151-NG-T30,FPQ-16553,SCMS-296470,ASN-33749,Nigeria,PMO - US,Direct Drop,EXW,Air,7/7/15,8/4/15,2-Sep-15,2-Sep-15,9-Sep-15,ARV,Pediatric,CIPLA LIMITED,"Abacavir/Lamivudine 60/30mg, dispersible tablets, 60 Tabs",Abacavir/Lamivudine,Generic,60/30mg,Chewable/dispersible tablet - FDC,60,13429,67145.0,5.0,0.08,"Cipla, Patalganga, India",Yes,Weight Captured Separately,Invoiced Separately,79.03
84180,113-ZW-T30,FPQ-8464,SO-40890,DN-2741,Zimbabwe,PMO - US,From RDC,N/A - From RDC,Truck,10/4/11,N/A - From RDC,16-Oct-12,23-Jul-12,23-Jul-12,ARV,Adult,SCMS from RDC,"Nevirapine 200mg, tablets, 60 Tabs",Nevirapine,Generic,200mg,Tablet,60,69037,167069.54,2.42,0.04,"Aurobindo Unit III, India",Yes,14074,15299.58,275.66
10536,111-MZ-T01,Pre-PQ Process,SO-321,DN-13,Mozambique,PMO - US,From RDC,N/A - From RDC,Air,Pre-PQ Process,N/A - From RDC,8-Jan-07,8-Jan-07,8-Jan-07,ARV,Pediatric,SCMS from RDC,"Efavirenz 50mg [Stocrin/Sustiva], capsule, 30 Caps",Efavirenz,Stocrin/Sustiva,50mg,Capsule,30,341,1166.22,3.42,0.11,"MSD Manati, Puerto Rico, (USA)",No,See DN-13 (ID#:10535),See DN-13 (ID#:10535),
45327,901-NA-T30,FPQ-14728,SCMS-252630,ASN-29183,Namibia,PMO - US,Direct Drop,EXW,Air,7/30/14,8/19/14,25-Nov-14,25-Nov-14,26-Nov-14,ARV,Adult,MYLAN LABORATORIES LTD (FORMERLY MATRIX LABORATORIES),"Efavirenz/Emtricitabine/Tenofovir Disoproxil Fumarate 600/200/300mg, tablets, 30 Tabs",Efavirenz/Emtricitabine/Tenofovir Disoproxil Fumarate,Generic,600/200/300mg,Tablet - FDC,30,17640,185220.0,10.5,0.35,"Mylan,  H-12 & H-13, India",No,See ASN-29183 (ID#:31368),See ASN-29183 (ID#:31368),190.41
74273,116-ZA-T30,FPQ-14942,SCMS-259076,ASN-32524,South Africa,PMO - US,Direct Drop,DDP,Truck,9/11/14,6/2/15,2-Jun-15,2-Jun-15,2-Jun-15,ARV,Adult,PHARMACY DIRECT,"Nevirapine 200mg, tablets, 60 Tabs",Nevirapine,Generic,200mg,Tablet,60,19,243.66,12.82,0.21,"Aurobindo Unit III, India",No,Weight Captured Separately,Freight Included in Commodity Cost,0.25
83622,106-HT-T30,FPQ-10378,SO-43020,DN-2854,Haiti,PMO - US,From RDC,N/A - From RDC,Air,8/13/12,N/A - From RDC,28-Sep-12,11-Sep-12,11-Sep-12,ARV,Pediatric,SCMS from RDC,"Zidovudine 10mg/ml, oral solution w/syringe, Bottle, 240 ml",Zidovudine,Generic,10mg/ml,Oral solution,240,4000,8400.0,2.1,0.01,"Aurobindo Unit III, India",Yes,1596,16840.67,11.78
11078,111-MZ-T01,Pre-PQ Process,SO-33430,DN-1529,Mozambique,PMO - US,From RDC,N/A - From RDC,Air,Date Not Captured,N/A - From RDC,23-Feb-10,23-Feb-10,23-Feb-10,ARV,Adult,SCMS from RDC,"Nevirapine 200mg, tablets, 60 Tabs",Nevirapine,Generic,200mg,Tablet,60,1788,5721.6,3.2,0.05,"Cipla, Goa, India",Yes,205,1380.45,12.34
29979,108-VN-T30,FPQ-6384,SCMS-87750,ASN-9090,Vietnam,PMO - US,Direct Drop,EXW,Air,9/30/10,10/14/10,21-Dec-10,21-Dec-10,21-Dec-10,ARV,Adult,MYLAN LABORATORIES LTD (FORMERLY MATRIX LABORATORIES),"Abacavir 300mg, tablets, 60 Tabs",Abacavir,Generic,300mg,Tablet,60,270,4050.0,15.0,0.25,Mylan (formerly Matrix) Nashik,Yes,358,5294.24,8.73
1111,116-ZA-T01,Pre-PQ Process,SCMS-47390,ASN-4402,South Africa,PMO - US,Direct Drop,DDP,Truck,Pre-PQ Process,4/2/09,31-Jul-09,21-Apr-09,21-Apr-09,ARV,Pediatric,S. BUYS WHOLESALER,"Lopinavir/Ritonavir 80/20mg/ml [Kaletra], oral solution, cool, Bottle 5 x 60 ml",Lopinavir/Ritonavir,Kaletra,80/20mg/ml,Oral solution,300,30,1080.0,36.0,0.12,ABBVIE (Abbott) Logis. UK,Yes,Weight Captured Separately,Freight Included in Commodity Cost,2.12
86484,111-MZ-T30,FPQ-9506,SO-41790,DN-2705,Mozambique,PMO - US,From RDC,N/A - From RDC,Truck,3/16/12,N/A - From RDC,21-Aug-12,22-Aug-12,22-Aug-12,ARV,Pediatric,SCMS from RDC,"Nevirapine 10mg/ml, oral suspension w/syringe, Bottle, 240 ml",Nevirapine,Generic,10mg/ml,Oral suspension,240,24496,47767.2,1.95,0.01,"Aurobindo Unit III, India",Yes,9080,6483.81,66.97
27820,114-UG-T30,FPQ-7617,SCMS-109060,ASN-11530,Uganda,PMO - US,Direct Drop,DDP,Air,4/29/11,5/12/11,22-Jul-11,22-Jul-11,22-Jul-11,ARV,Adult,ASPEN PHARMACARE,"Etravirine 100mg [Intelence], tablets, 120 Tabs",Etravirine,Intelence,100mg,Tablet,120,93,7839.9,84.3,0.7,"Janssen-Cilag, Latina, IT",Yes,22,140,12.94
16784,108-VN-T30,FPQ-11417,SCMS-174390,ASN-18903,Vietnam,PMO - US,Direct Drop,EXW,Air,1/10/13,1/22/13,25-Apr-13,25-Apr-13,25-Apr-13,ARV,Adult,HETERO LABS LIMITED,"Tenofovir Disoproxil Fumarate 300mg, tablets, 30 Tabs",Tenofovir Disoproxil Fumarate,Generic,300mg,Tablet,30,34640,122972.0,3.55,0.12,Hetero Unit III Hyderabad IN,Yes,2804,9759.55,152.12
86591,114-UG-T30,FPQ-12473,SO-45870,DN-3267,Uganda,PMO - US,From RDC,N/A - From RDC,Air,6/11/13,N/A - From RDC,29-Aug-13,13-Sep-13,13-Sep-13,ARV,Adult,SCMS from RDC,"Efavirenz 600mg, tablets, 30 Tabs",Efavirenz,Generic,600mg,Tablet,30,7363,24518.79,3.33,0.11,"Strides, Bangalore, India.",No,See DN-3267 (ID#:83708),See DN-3267 (ID#:83708),30.33
84764,103-ZW-T30,FPQ-9907,SO-42200,DN-2913,Zimbabwe,PMO - US,From RDC,N/A - From RDC,Truck,5/15/12,N/A - From RDC,19-Nov-12,19-Nov-12,19-Nov-12,ARV,Pediatric,SCMS from RDC,"Lamivudine/Zidovudine 30/60mg, tablets, 60 Tabs",Lamivudine/Zidovudine,Generic,30/60mg,Tablet - FDC,60,53733,148303.08,2.76,0.05,Mylan (formerly Matrix) Nashik,Yes,2232,6933.76,207.92
70299,161-ZA-T30,FPQ-6262,SCMS-83820,ASN-9480,South Africa,PMO - US,Direct Drop,DDP,Ocean,8/31/10,9/24/10,11-Jan-11,4-Mar-11,4-Mar-11,ARV,Adult,Aurobindo Pharma Limited,"Zidovudine 300mg, tablets, 60 Tabs",Zidovudine,Generic,300mg,Tablet,60,86467,633803.11,7.33,0.12,"Aurobindo Unit III, India",Yes,4364,4295.6,1366.48
82885,151-NG-T30,FPQ-4537,SO-35053,DN-1826,Nigeria,PMO - US,From RDC,N/A - From RDC,Air Charter,11/6/09,N/A - From RDC,31-May-10,18-May-10,18-May-10,ARV,Adult,SCMS from RDC,"Lamivudine/Zidovudine 150/300mg, tablets, 60 Tabs",Lamivudine/Zidovudine,Generic,150/300mg,Tablet - FDC,60,54096,473880.96,8.76,0.15,Hetero Unit III Hyderabad IN,Yes,4660,9736.1,1021.69
52617,107-RW-T30,FPQ-8932,SCMS-129870,ASN-13476,Rwanda,PMO - US,Direct Drop,EXW,Air,12/6/11,12/13/11,24-Jan-12,24-Jan-12,24-Jan-12,ARV,Adult,Aurobindo Pharma Limited,"Lamivudine/Tenofovir Disoproxil Fumarate 300/300mg, tablets, 30 Tabs",Lamivudine/Tenofovir Disoproxil Fumarate,Generic,300/300mg,Tablet - FDC,30,2800,14980.0,5.35,0.18,"Aurobindo Unit VII, IN",Yes,273,2964.49,21.0
74419,101-CD-T30,FPQ-8792,SCMS-131070,ASN-14078,"Congo, DRC",PMO - US,Direct Drop,EXW,Air,12/14/11,1/9/12,18-Jun-12,18-Jun-12,18-Jun-12,HRDT,HIV test,"Orgenics, Ltd","HIV 1/2, Determine Complete HIV Kit, 100 Tests","HIV 1/2, Determine Complete HIV Kit",Determine,,Test kit,100,1265,101200.0,80.0,0.8,"Alere Medical Co., Ltd.",Yes,657,15722.05,141.88
42038,102-KE-T30,FPQ-4587,SCMS-58380,ASN-5898,Kenya,PMO - US,Direct Drop,EXW,Air,11/18/09,12/2/09,16-Feb-10,19-Feb-10,19-Feb-10,HRDT,HIV test,"Orgenics, Ltd","HIV 1/2, Determine Complete HIV Kit, 100 Tests","HIV 1/2, Determine Complete HIV Kit",Determine,,Test kit,100,7888,631040.0,80.0,0.8,Inverness Japan,Yes,1357,12965.93,1360.52
41798,161-ZA-T30,FPQ-6262,SCMS-83790,ASN-9195,South Africa,PMO - US,Direct Drop,DDP,Ocean,8/31/10,9/24/10,31-Jan-11,1-Feb-11,1-Feb-11,ARV,Adult,Aurobindo Pharma Limited,"Lamivudine 150mg, tablets, 60 Tabs",Lamivudine,Generic,150mg,Tablet,60,17013,40320.81,2.37,0.04,"Aurobindo Unit III, India",No,See ASN-9195 (ID#:39724),See ASN-9195 (ID#:39724),86.93
12630,111-MZ-T01,Pre-PQ Process,SO-380,DN-88,Mozambique,PMO - US,From RDC,N/A - From RDC,Air,Pre-PQ Process,N/A - From RDC,4-May-07,4-May-07,4-May-07,ARV,Pediatric,SCMS from RDC,"Efavirenz 50mg [Stocrin/Sustiva], capsule, 30 Caps",Efavirenz,Stocrin/Sustiva,50mg,Capsule,30,3756,12845.52,3.42,0.11,"MSD Manati, Puerto Rico, (USA)",Yes,Weight Captured Separately,679.6,
83519,110-ZM-T30,FPQ-7085,SO-38720,DN-2299,Zambia,PMO - US,From RDC,N/A - From RDC,Truck,2/3/11,N/A - From RDC,1-Sep-11,15-Aug-11,15-Aug-11,ARV,Adult,SCMS from RDC,"Efavirenz/Emtricitabine/Tenofovir Disoproxil Fumarate 600/200/300mg, tablets, 30 Tabs",Efavirenz/Emtricitabine/Tenofovir Disoproxil Fumarate,Generic,600/200/300mg,Tablet - FDC,30,60000,1195200.0,19.92,0.66,Mylan (formerly Matrix) Nashik,No,See DN-2299 (ID#:82966),See DN-2299 (ID#:82966),1972.08
36816,106-HT-T30,FPQ-9635,SCMS-148410,ASN-15840,Haiti,PMO - US,Direct Drop,EXW,Air,5/14/12,7/12/12,16-Aug-12,16-Aug-12,16-Aug-12,ARV,Adult,Aurobindo Pharma Limited,"Stavudine 30mg, capsules, 60 Caps",Stavudine,Generic,30mg,Capsule,60,90,126.0,1.4,0.02,"Aurobindo Unit III, India",Yes,6,941.74,0.18
46106,105-SS-T30,FPQ-9807,SCMS-147621,ASN-16786,South Sudan,PMO - US,Direct Drop,EXW,Air,5/18/12,6/20/12,8-Feb-13,8-Feb-13,8-Feb-13,HRDT,HIV test,"Trinity Biotech, Plc","HIV 1/2, Uni-Gold HIV Kit, 20 Tests","HIV 1/2, Uni-Gold HIV Kit",Uni-Gold,,Test kit,20,597,19104.0,32.0,1.6,"Trinity Biotech, Plc",Yes,209,3088.04,26.78
84087,117-ET-T30,FPQ-7001,SO-38420,DN-2199,Ethiopia,PMO - US,From RDC,N/A - From RDC,Air,1/6/11,N/A - From RDC,31-May-11,30-May-11,30-May-11,ARV,Adult,SCMS from RDC,"Tenofovir Disoproxil Fumarate 300mg, tablets, 30 Tabs",Tenofovir Disoproxil Fumarate,Generic,300mg,Tablet,30,10000,65700.0,6.57,0.22,Mylan (formerly Matrix) Nashik,Yes,716,2976.29,108.4
11581,106-HT-T01,Pre-PQ Process,SO-15970,DN-1022,Haiti,PMO - US,From RDC,N/A - From RDC,Air,Pre-PQ Process,N/A - From RDC,10-Dec-08,10-Dec-08,10-Dec-08,ARV,Pediatric,SCMS from RDC,"Lamivudine 10mg/ml, oral solution, Bottle, 240 ml",Lamivudine,Generic,10mg/ml,Oral solution,240,1595,3030.5,1.9,0.01,"Aurobindo Unit III, India",Yes,598,6338.09,5.94
12107,110-ZM-T01,Pre-PQ Process,SO-822,DN-343,Zambia,PMO - US,From RDC,N/A - From RDC,,Pre-PQ Process,N/A - From RDC,7-Sep-07,7-Sep-07,7-Sep-07,ARV,Pediatric,SCMS from RDC,"Abacavir 20mg/ml, oral solution, Bottle, 240 ml",Abacavir,Generic,20mg/ml,Oral solution,240,1000,16500.0,16.5,0.07,"Aurobindo Unit III, India",Yes,355,1886.39,26.4
29427,108-VN-T30,FPQ-6384,SCMS-87760,ASN-9568,Vietnam,PMO - US,Direct Drop,EXW,Air,9/30/10,10/14/10,28-Feb-11,28-Feb-11,28-Feb-11,ARV,Adult,MYLAN LABORATORIES LTD (FORMERLY MATRIX LABORATORIES),"Tenofovir Disoproxil Fumarate 300mg, tablets, 30 Tabs",Tenofovir Disoproxil Fumarate,Generic,300mg,Tablet,30,3696,24948.0,6.75,0.22,Mylan (formerly Matrix) Nashik,Yes,314,4885.33,53.79
12150,110-ZM-T01,Pre-PQ Process,SO-1489,DN-510,Zambia,PMO - US,From RDC,N/A - From RDC,Air,Pre-PQ Process,N/A - From RDC,14-Feb-08,14-Feb-08,14-Feb-08,ARV,Adult,SCMS from RDC,"Abacavir 300mg, tablets, 60 Tabs",Abacavir,Generic,300mg,Tablet,60,8251,227150.03,27.53,0.46,"Aurobindo Unit III, India",Yes,822,3303.52,363.44
82439,101-CD-T30,FPQ-8840,SO-41142,DN-2506,"Congo, DRC",PMO - US,From RDC,N/A - From RDC,Air,11/21/11,N/A - From RDC,16-Mar-12,14-Mar-12,14-Mar-12,ARV,Adult,SCMS from RDC,"Zidovudine 300mg, tablets, 60 Tabs",Zidovudine,Generic,300mg,Tablet,60,913,6409.26,7.02,0.12,Hetero Unit III Hyderabad IN,Yes,288,2460.79,8.99
86737,104-CI-T30,FPQ-14064,SO-48750,DN-3982,Côte d'Ivoire,PMO - US,From RDC,N/A - From RDC,Truck,4/9/14,N/A - From RDC,31-Oct-14,24-Oct-14,6-Nov-14,ARV,Adult,SCMS from RDC,"Abacavir/Lamivudine 600/300mg, tablets, 30 Tabs",Abacavir/Lamivudine,Generic,600/300mg,Tablet - FDC,30,2400,32376.0,13.49,0.45,Mylan (formerly Matrix) Nashik,Yes,213,1422.54,33.28
85994,109-TZ-T30,FPQ-12015,SO-44993,DN-3300,Tanzania,PMO - US,From RDC,N/A - From RDC,Truck,4/2/13,N/A - From RDC,25-Oct-13,1-Oct-13,9-Oct-13,ARV,Pediatric,SCMS from RDC,"Lamivudine/Stavudine 30/6mg, dispersible tablets, 60 Tabs",Lamivudine/Stavudine,Generic,30/6mg,Chewable/dispersible tablet - FDC,60,926,1759.4,1.9,0.03,"Cipla, Goa, India",No,See DN-3300 (ID#:82601),See DN-3300 (ID#:82601),2.18
65978,108-VN-T30,FPQ-6818,SCMS-97820,ASN-10345,Vietnam,PMO - US,Direct Drop,EXW,Air,1/17/11,2/9/11,13-Apr-11,13-Apr-11,13-Apr-11,ARV,Adult,STRIDES ARCOLAB LIMITED,"Lamivudine/Nevirapine/Stavudine 150/200/30mg, tablets, 60 Tabs",Lamivudine/Nevirapine/Stavudine,Generic,150/200/30mg,Tablet - FDC,60,9377,50542.03,5.39,0.09,"Strides, Bangalore, India.",Yes,692,8494.45,83.39
86431,106-HT-T30,FPQ-7653,SO-39744,DN-2470,Haiti,PMO - US,From RDC,N/A - From RDC,Air,5/11/11,N/A - From RDC,31-Jan-12,17-Jan-12,17-Jan-12,ARV,Adult,SCMS from RDC,"Efavirenz 600mg, tablets, 30 Tabs",Efavirenz,Generic,600mg,Tablet,30,33600,141792.0,4.22,0.14,"Strides, Bangalore, India.",Yes,2047,20746.03,233.96
85412,104-CI-T30,FPQ-11253,SO-44210,DN-3371,Côte d'Ivoire,PMO - US,From RDC,N/A - From RDC,Truck,12/14/12,N/A - From RDC,31-Oct-13,22-Oct-13,19-Nov-13,ARV,Pediatric,SCMS from RDC,"Zidovudine 10mg/ml, oral solution w/syringe, Bottle, 240 ml",Zidovudine,Generic,10mg/ml,Oral solution,240,2000,4200.0,2.1,0.01,"Aurobindo Unit III, India",No,See DN-3371 (ID#:83174),See DN-3371 (ID#:83174),5.2
31917,103-ZW-T30,FPQ-13969,SCMS-239230,ASN-27927,Zimbabwe,PMO - US,Direct Drop,CIP,Air,4/8/14,5/16/14,4-Sep-14,4-Sep-14,28-Oct-14,ARV,Pediatric,MYLAN LABORATORIES LTD (FORMERLY MATRIX LABORATORIES),"Lamivudine/Nevirapine/Zidovudine 30/50/60mg, dispersible tablets, 60 Tabs",Lamivudine/Nevirapine/Zidovudine,Generic,30/50/60mg,Chewable/dispersible tablet - FDC,60,164950,593820.0,3.6,0.06,Mylan (formerly Matrix) Nashik,Yes,9210,7510,610.45
5589,102-BW-T01,Pre-PQ Process,SCMS-16720,ASN-1402,Botswana,PMO - US,Direct Drop,EXW,Air,Pre-PQ Process,2/4/08,3-Apr-08,3-Apr-08,3-Apr-08,HRDT,HIV test,"Trinity Biotech, Plc","HIV 1/2, Uni-Gold HIV Kit, 20 Tests","HIV 1/2, Uni-Gold HIV Kit",Uni-Gold,,Test kit,20,450,14400.0,32.0,1.6,"Trinity Biotech, Plc",Yes,155,1625.08,23.04
59991,110-ZM-T30,FPQ-9074,SCMS-134370,ASN-13884,Zambia,PMO - US,Direct Drop,EXW,Air,12/22/11,1/24/12,14-Mar-12,14-Mar-12,14-Mar-12,ARV,Adult,Aurobindo Pharma Limited,"Emtricitabine/Tenofovir Disoproxil Fumarate 200/300mg, tablets, 30 Tabs",Emtricitabine/Tenofovir Disoproxil Fumarate,Generic,200/300mg,Tablet - FDC,30,100000,735000.0,7.35,0.24,"Aurobindo Unit III, India",Yes,9390,45118.64,1030.47
82997,109-TZ-T30,FPQ-8301,SO-40551,DN-2473,Tanzania,PMO - US,From RDC,N/A - From RDC,Truck,9/2/11,N/A - From RDC,15-Feb-12,5-Feb-12,5-Feb-12,ARV,Adult,SCMS from RDC,"Efavirenz/Lamivudine/Tenofovir Disoproxil Fumarate 600/300/300mg, tablets, 30 Tabs",Efavirenz/Lamivudine/Tenofovir Disoproxil Fumarate,Generic,600/300/300mg,Tablet - FDC,30,51763,884112.04,17.08,0.57,Mylan (formerly Matrix) Nashik,Yes,1645,Freight Included in Commodity Cost,1458.78
70619,108-VN-T30,FPQ-10267,SCMS-153090,ASN-16362,Vietnam,PMO - US,Direct Drop,EXW,Air,7/10/12,7/12/12,9-Oct-12,9-Oct-12,9-Oct-12,ARV,Adult,HETERO LABS LIMITED,"Lamivudine 150mg, tablets, 60 Tabs",Lamivudine,Generic,150mg,Tablet,60,27634,58031.4,2.1,0.04,Hetero Unit III Hyderabad IN,Yes,1616,3147.88,81.36
86644,109-TZ-T30,FPQ-12587,SO-47520,DN-3500,Tanzania,PMO - US,From RDC,N/A - From RDC,Truck,7/4/13,N/A - From RDC,31-Jan-14,7-Mar-14,12-Mar-14,ARV,Pediatric,SCMS from RDC,"Efavirenz 200mg, scored tablets, 90 Tabs",Efavirenz,Generic,200mg,Tablet,90,21596,200842.8,9.3,0.1,"Strides, Bangalore, India.",Yes,1336,5033.8,248.44
13809,151-NG-T30,FPQ-14780,SCMS-254170,ASN-32902,Nigeria,PMO - US,Direct Drop,EXW,Air,8/13/14,8/29/14,5-Aug-15,5-Aug-15,10-Aug-15,ARV,Adult,EMCURE PHARMACEUTICALS LTD,"Atazanavir/Ritonavir 300/100mg, tablets, 30 Tabs",Atazanavir/Ritonavir,Generic,300/100mg,Tablet,30,4560,82080.0,18.0,0.6,"Emcure Plot No.P-2, I.T-B.T. Park, Phase II, MIDC, Hinjwadi, Pune, India",Yes,Weight Captured Separately,Invoiced Separately,84.38
29706,101-CD-T30,FPQ-16001,SCMS-280210,ASN-31750,"Congo, DRC",PMO - US,Direct Drop,EXW,Air,3/10/15,3/16/15,2-Jul-15,2-Jul-15,30-Jul-15,HRDT,HIV test,"Trinity Biotech, Plc","HIV 1/2, Uni-Gold HIV Kit, 20 Tests","HIV 1/2, Uni-Gold HIV Kit",Uni-Gold,,Test kit,20,423,13536.0,32.0,1.6,"Trinity Biotech, Plc",No,See ASN-31750 (ID#:19272),See ASN-31750 (ID#:19272),15.93
73585,116-ZA-T30,FPQ-14942,SCMS-259074,ASN-31069,South Africa,PMO - US,Direct Drop,DDP,Truck,9/11/14,3/9/15,9-Mar-15,9-Mar-15,9-Mar-15,ARV,Adult,PHARMACY DIRECT,"Raltegravir 400mg [Isentress], tablets, 60 Tabs",Raltegravir,Isentress,400mg,Tablet,60,62,3792.2,61.16,1.02,"MSD, Haarlem, NL",No,Weight Captured Separately,Freight Included in Commodity Cost,3.9
63561,103-ZW-T30,FPQ-15625,SCMS-272350,ASN-32051,Zimbabwe,PMO - US,Direct Drop,FCA,Air,1/6/15,1/16/15,21-May-15,21-May-15,21-May-15,ARV,Pediatric,ABBVIE LOGISTICS (FORMERLY ABBOTT LOGISTICS BV),"Lopinavir/Ritonavir 80/20mg/ml [Kaletra], oral solution, cool, Bottle 5 x 60 ml",Lopinavir/Ritonavir,Kaletra,80/20mg/ml,Oral solution,300,6914,213089.48,30.82,0.1,ABBVIE (Abbott) Logis. UK,Yes,6090,41141.5,250.81
11959,111-MZ-T01,Pre-PQ Process,SO-15090,DN-933,Mozambique,PMO - US,From RDC,N/A - From RDC,Air,Pre-PQ Process,N/A - From RDC,14-Nov-08,14-Nov-08,14-Nov-08,ARV,Adult,SCMS from RDC,"Efavirenz 600mg, tablets, 30 Tabs",Efavirenz,Generic,600mg,Tablet,30,5000,55000.0,11.0,0.37,"Aurobindo Unit III, India",No,See DN-933 (ID#:10755),See DN-933 (ID#:10755),88.0
11268,113-ZW-T01,Pre-PQ Process,SO-1053,DN-774,Zimbabwe,PMO - US,From RDC,N/A - From RDC,Truck,Pre-PQ Process,N/A - From RDC,17-Jun-08,17-Jun-08,17-Jun-08,HRDT,HIV test - Ancillary,SCMS from RDC,"HIV, Lancet, Safety, for HIV Test kits, 100 Pcs","HIV, Lancet, Safety, for HIV Test kits, 100 Pcs",Generic,,Test kit - Ancillary,100,1800,18.0,0.01,0.0,Inverness Japan,Yes,526,2185.82,0.03
78407,116-ZA-T30,FPQ-12522,SCMS-199283,ASN-27976,South Africa,PMO - US,Direct Drop,DDP,Truck,7/11/13,8/27/14,27-Aug-14,27-Aug-14,27-Aug-14,ARV,Adult,S. BUYS WHOLESALER,"Lamivudine 150mg, tablets, 60 Tabs",Lamivudine,Generic,150mg,Tablet,60,328,3230.11,9.85,0.16,Hetero Unit III Hyderabad IN,No,Weight Captured Separately,Freight Included in Commodity Cost,4.0
52354,110-ZM-T30,FPQ-14827,SCMS-256510,ASN-29092,Zambia,PMO - US,Direct Drop,EXW,Air,8/19/14,9/19/14,11-Mar-15,11-Mar-15,31-Mar-15,HRDT,HIV test,"Orgenics, Ltd","HIV 1/2, Determine Complete HIV Kit, 100 Tests","HIV 1/2, Determine Complete HIV Kit",Determine,,Test kit,100,1364,109120.0,80.0,0.8,"Alere Medical Co., Ltd.",Yes,553,7845.09,112.18
27236,106-HT-T30,FPQ-11443,SCMS-180960,ASN-20434,Haiti,PMO - US,Direct Drop,EXW,Air,2/7/13,3/22/13,14-Aug-13,14-Aug-13,14-Aug-13,ARV,Adult,MICRO LABS LIMITED,"Lamivudine 150mg, tablets, 60 Tabs",Lamivudine,Generic,150mg,Tablet,60,1260,2318.4,1.84,0.03,"Micro labs, Verna, Goa, India",No,See ASN-20434 (ID#:13874),See ASN-20434 (ID#:13874),2.87
26619,105-SS-T30,FPQ-15569,SCMS-272160,ASN-31337,South Sudan,PMO - US,Direct Drop,EXW,Air,12/29/14,2/20/15,3-Jun-15,3-Jun-15,5-Jun-15,HRDT,HIV test - Ancillary,"Orgenics, Ltd","Chase Buffer, Determine, 100 Tests, 2.5ml x 1 Vial","Chase Buffer, Determine, 100 Tests, 2.5ml x 1 Vial",Determine,,Test kit - Ancillary,1,45,225.0,5.0,5.0,"Alere Medical Co., Ltd.",Yes,Weight Captured Separately,Invoiced Separately,0.26
83489,105-GY-T30,FPQ-7128,SO-38840,DN-2129,Guyana,PMO - US,From RDC,N/A - From RDC,Air,2/4/11,N/A - From RDC,31-Mar-11,25-Mar-11,25-Mar-11,ARV,Pediatric,SCMS from RDC,"Abacavir 20mg/ml, oral solution w/syringe, Bottle, 240 ml",Abacavir,Generic,20mg/ml,Oral solution,240,99,1356.3,13.7,0.06,"Aurobindo Unit III, India",No,See DN-2129 (ID#:83488),See DN-2129 (ID#:83488),2.24
15149,108-VN-T30,FPQ-6818,SCMS-97850,ASN-11024,Vietnam,PMO - US,Direct Drop,EXW,Air,1/17/11,2/15/11,22-Jun-11,22-Jun-11,22-Jun-11,ARV,Adult,MYLAN LABORATORIES LTD (FORMERLY MATRIX LABORATORIES),"Lamivudine 150mg, tablets, 60 Tabs",Lamivudine,Generic,150mg,Tablet,60,20000,40000.0,2.0,0.03,Mylan (formerly Matrix) Nashik,Yes,2806,18207.5,66.0
86116,111-MZ-T30,FPQ-13124,SO-47050,DN-3827,Mozambique,PMO - US,From RDC,N/A - From RDC,Truck,10/21/13,N/A - From RDC,29-Aug-14,25-Aug-14,28-Aug-14,ARV,Adult,SCMS from RDC,"Lamivudine/Nevirapine/Zidovudine 150/200/300mg, tablets, 60 Tabs",Lamivudine/Nevirapine/Zidovudine,Generic,150/300/200mg,Tablet - FDC,60,232476,1885380.36,8.11,0.14,"Cipla, Goa, India",No,See DN-3827 (ID#:82705),See DN-3827 (ID#:82705),1938.17
85505,111-MZ-T30,FPQ-14226,SO-48881,DN-3818,Mozambique,PMO - US,From RDC,N/A - From RDC,Truck,5/2/14,N/A - From RDC,31-Dec-14,15-Aug-14,25-Aug-14,ARV,Adult,SCMS from RDC,"Lamivudine/Nevirapine/Stavudine 150/200/30mg, tablets, 60 Tabs",Lamivudine/Nevirapine/Stavudine,Generic,150/200/30mg,Tablet - FDC,60,5768,24917.76,4.32,0.07,Hetero Unit III Hyderabad IN,Yes,592,598.91,25.62
80399,113-ZW-T30,FPQ-13939,SCMS-240580,ASN-27030,Zimbabwe,PMO - US,Direct Drop,EXW,Air Charter,4/1/14,5/26/14,23-Jul-14,23-Jul-14,29-Jul-14,ARV,Adult,Aurobindo Pharma Limited,"Lamivudine/Tenofovir Disoproxil Fumarate 300/300mg, tablets, 30 Tabs",Lamivudine/Tenofovir Disoproxil Fumarate,Generic,300/300mg,Tablet - FDC,30,28899,134380.35,4.65,0.16,"Aurobindo Unit VII, IN",Yes,2846,19557.01,138.14
86113,107-RW-T30,FPQ-13728,SO-47980,DN-3810,Rwanda,PMO - US,From RDC,N/A - From RDC,Air,2/13/14,N/A - From RDC,17-Jul-14,17-Jul-14,28-Oct-14,ARV,Pediatric,SCMS from RDC,"Lamivudine/Zidovudine 30/60mg, tablets, 60 Tabs",Lamivudine/Zidovudine,Generic,30/60mg,Tablet - FDC,60,362,720.38,1.99,0.03,Mylan (formerly Matrix) Nashik,Yes,16,919.81,0.74
72538,114-UG-T30,FPQ-14254,SCMS-239770,ASN-27174,Uganda,PMO - US,Direct Drop,EXW,Air,5/12/14,5/20/14,30-Jul-14,30-Jul-14,7-Aug-14,HRDT,HIV test,"Orgenics, Ltd","HIV 1/2, Determine Complete HIV Kit, 100 Tests","HIV 1/2, Determine Complete HIV Kit",Determine,,Test kit,100,6000,480000.0,80.0,0.8,"Alere Medical Co., Ltd.",Yes,2432,23482.06,493.44
85911,111-MZ-T30,FPQ-10210,SO-42821,DN-2911,Mozambique,PMO - US,From RDC,N/A - From RDC,Truck,6/28/12,N/A - From RDC,30-Nov-12,14-Nov-12,14-Nov-12,ARV,Adult,SCMS from RDC,"Lamivudine/Zidovudine 150/300mg, tablets, 60 Tabs",Lamivudine/Zidovudine,Generic,150/300mg,Tablet - FDC,60,24732,190931.04,7.72,0.13,Hetero Unit III Hyderabad IN,Yes,2143,6323.1,267.69
11174,117-ET-T01,Pre-PQ Process,SO-914,DN-332,Ethiopia,PMO - US,From RDC,N/A - From RDC,,Pre-PQ Process,N/A - From RDC,4-Sep-07,4-Sep-07,4-Sep-07,ARV,Adult,SCMS from RDC,"Lamivudine 150mg, tablets, 60 Tabs",Lamivudine,Generic,150mg,Tablet,60,60029,182488.16,3.04,0.05,"Ranbaxy, Paonta Shahib, India",No,See DN-332 (ID#:10613),See DN-332 (ID#:10613),291.98
17944,161-ZA-T30,FPQ-5303,SCMS-68720,ASN-7538,South Africa,PMO - US,Direct Drop,DDP,Air,3/18/10,3/19/10,19-Jul-10,29-Jul-10,29-Jul-10,ARV,Adult,CIPLA LIMITED,"Tenofovir Disoproxil Fumarate 300mg, tablets, 30 Tabs",Tenofovir Disoproxil Fumarate,Generic,300mg,Tablet,30,47625,372427.5,7.82,0.26,"Cipla, Goa, India",Yes,3243,1881.24,802.95
81767,108-VN-T30,FPQ-10266,SCMS-153070,ASN-16382,Vietnam,PMO - US,Direct Drop,EXW,Air,7/11/12,7/12/12,9-Oct-12,9-Oct-12,9-Oct-12,ARV,Adult,HETERO LABS LIMITED,"Lamivudine 150mg, tablets, 60 Tabs",Lamivudine,Generic,150mg,Tablet,60,37366,78468.6,2.1,0.04,Hetero Unit III Hyderabad IN,Yes,2162,3324.85,110.01
57779,106-HT-T30,FPQ-15038,SCMS-262840,ASN-31820,Haiti,PMO - US,Direct Drop,EXW,Ocean,10/22/14,12/24/14,3-Jul-15,3-Jul-15,13-Jul-15,ARV,Adult,MYLAN LABORATORIES LTD (FORMERLY MATRIX LABORATORIES),"Lamivudine/Nevirapine/Zidovudine 150/200/300mg, tablets, 60 Tabs",Lamivudine/Nevirapine/Zidovudine,Generic,150/300/200mg,Tablet - FDC,60,60000,486000.0,8.1,0.13,Mylan (formerly Matrix) Nashik,No,See ASN-31820 (ID#:16098),See ASN-31820 (ID#:16098),499.61
12220,114-UG-T01,Pre-PQ Process,SO-17750,DN-1083,Uganda,PMO - US,From RDC,N/A - From RDC,Air,Pre-PQ Process,N/A - From RDC,3-Mar-09,3-Mar-09,3-Mar-09,ARV,Adult,SCMS from RDC,"Lamivudine/Nevirapine/Zidovudine 150/200/300mg, tablets, 60 Tabs",Lamivudine/Nevirapine/Zidovudine,Generic,150/300/200mg,Tablet - FDC,60,312,3681.6,11.8,0.2,"Aurobindo Unit III, India",No,See DN-1083 (ID#:12219),See DN-1083 (ID#:12219),7.22
84011,114-UG-T30,FPQ-5239,SO-36180,DN-1874,Uganda,PMO - US,From RDC,N/A - From RDC,Air,3/2/10,N/A - From RDC,28-Jul-10,22-Jul-10,22-Jul-10,ARV,Adult,SCMS from RDC,"Efavirenz 600mg, tablets, 30 Tabs",Efavirenz,Generic,600mg,Tablet,30,950,4370.0,4.6,0.15,Mylan (formerly Matrix) Nashik,Yes,76,1017.15,9.42
66236,114-UG-T30,FPQ-14254,SCMS-239750,ASN-26608,Uganda,PMO - US,Direct Drop,EXW,Air,5/12/14,5/20/14,26-Jun-14,26-Jun-14,28-Jun-14,HRDT,HIV test,"Trinity Biotech, Plc","HIV 1/2, Uni-Gold HIV Kit, 20 Tests","HIV 1/2, Uni-Gold HIV Kit",Uni-Gold,,Test kit,20,750,24000.0,32.0,1.6,"Trinity Biotech, Plc",Yes,242,1899.22,24.67
86239,154-NG-T30,FPQ-3815,SO-32260,DN-1452,Nigeria,PMO - US,From RDC,N/A - From RDC,Air Charter,5/26/09,N/A - From RDC,30-Oct-09,20-Oct-09,20-Oct-09,ARV,Adult,SCMS from RDC,"Stavudine 30mg, capsules, 60 Caps",Stavudine,Generic,30mg,Capsule,60,63,91.98,1.46,0.02,"Aurobindo Unit III, India",No,See DN-1452 (ID#:82272),See DN-1452 (ID#:82272),0.18
48842,116-ZA-T30,FPQ-12522,SCMS-199288,ASN-27197,South Africa,PMO - US,Direct Drop,DDP,Truck,7/11/13,7/10/14,10-Jul-14,10-Jul-14,10-Jul-14,ARV,Pediatric,S. BUYS WHOLESALER,"Lopinavir/Ritonavir 80/20mg/ml [Kaletra], oral solution, cool, Bottle 5 x 60 ml",Lopinavir/Ritonavir,Kaletra,80/20mg/ml,Oral solution,300,4,93.81,23.45,0.08,ABBVIE (Abbott) Logis. UK,Yes,Weight Captured Separately,Freight Included in Commodity Cost,0.12
11673,110-ZM-T01,Pre-PQ Process,SO-29040,DN-1386,Zambia,PMO - US,From RDC,N/A - From RDC,Truck,Date Not Captured,N/A - From RDC,15-Sep-09,15-Sep-09,15-Sep-09,ARV,Adult,SCMS from RDC,"Efavirenz 600mg, tablets, 30 Tabs",Efavirenz,Generic,600mg,Tablet,30,120000,960000.0,8.0,0.27,"Aurobindo Unit III, India",Yes,20144,8281.69,1881.6
76541,105-DO-T30,FPQ-13790,SCMS-231370,ASN-25280,Dominican Republic,PMO - US,Direct Drop,EXW,Air,2/26/14,3/19/14,11-Apr-14,11-Apr-14,24-Apr-14,HRDT,HIV test,"Trinity Biotech, Plc","HIV 1/2, Uni-Gold HIV Kit, 20 Tests","HIV 1/2, Uni-Gold HIV Kit",Uni-Gold,,Test kit,20,500,16000.0,32.0,1.6,"Trinity Biotech, Plc",Yes,146,790.78,16.45
20349,108-VN-T30,FPQ-9576,SCMS-145310,ASN-16124,Vietnam,PMO - US,Direct Drop,EXW,Air,4/11/12,6/11/12,2-Oct-12,2-Oct-12,2-Oct-12,ARV,Adult,MYLAN LABORATORIES LTD (FORMERLY MATRIX LABORATORIES),"Tenofovir Disoproxil Fumarate 300mg, tablets, 30 Tabs",Tenofovir Disoproxil Fumarate,Generic,300mg,Tablet,30,30704,137860.96,4.49,0.15,Mylan (formerly Matrix) Nashik,No,See ASN-16124 (ID#:20321),See ASN-16124 (ID#:20321),193.28
1079,116-ZA-T01,Pre-PQ Process,SCMS-41464,ASN-4634,South Africa,PMO - US,Direct Drop,DDP,Air,Pre-PQ Process,3/18/09,25-Jun-09,17-Jun-09,17-Jun-09,ARV,Pediatric,S. BUYS WHOLESALER,"Lamivudine 10mg/ml, oral solution, Bottle, 240 ml",Lamivudine,Generic,10mg/ml,Oral solution,240,342,1932.3,5.65,0.02,"Aurobindo Unit III, India",Yes,Weight Captured Separately,Freight Included in Commodity Cost,3.79
83419,105-GY-T30,FPQ-5430,SO-36560,DN-1791,Guyana,PMO - US,From RDC,N/A - From RDC,Air,3/29/10,N/A - From RDC,15-Apr-10,28-Apr-10,28-Apr-10,ARV,Adult,SCMS from RDC,"Emtricitabine/Tenofovir Disoproxil Fumarate 200/300mg, tablets, 30 Tabs",Emtricitabine/Tenofovir Disoproxil Fumarate,Generic,200/300mg,Tablet - FDC,30,4955,58221.25,11.75,0.39,Mylan (formerly Matrix) Nashik,Yes,376,4468.34,125.53
35352,107-RW-T30,FPQ-8365,SCMS-126490,ASN-14125,Rwanda,PMO - US,Direct Drop,EXW,Air,10/26/11,11/9/11,30-Mar-12,30-Mar-12,30-Mar-12,ARV,Adult,Aurobindo Pharma Limited,"Didanosine 250mg, delayed-release capsules, 30 Caps",Didanosine,Generic,250mg,Delayed-release capsules,30,1185,15405.0,13.0,0.43,"Aurobindo Unit III, India",No,See ASN-14125 (ID#:22658),See ASN-14125 (ID#:22658),25.42
51531,116-ZA-T30,FPQ-14942,SCMS-259072,ASN-30377,South Africa,PMO - US,Direct Drop,DDP,Truck,9/11/14,1/26/15,26-Jan-15,26-Jan-15,26-Jan-15,ARV,Pediatric,PHARMACY DIRECT,"Lamivudine 10mg/ml, oral solution, Bottle, 240 ml",Lamivudine,Generic,10mg/ml,Oral solution,240,11,56.85,5.17,0.02,"Aurobindo Unit III, India",No,Weight Captured Separately,Freight Included in Commodity Cost,0.06
26117,116-ZA-T30,FPQ-14942,SCMS-295800,ASN-33865,South Africa,PMO - US,Direct Drop,DDP,Truck,9/11/14,8/24/15,24-Aug-15,24-Aug-15,24-Aug-15,ARV,Adult,PHARMACY DIRECT,"Lamivudine/Zidovudine 150/300mg, tablets, 60 Tabs",Lamivudine/Zidovudine,Generic,150/300mg,Tablet - FDC,60,24,551.92,23.0,0.38,"Aurobindo Unit III, India",No,Weight Captured Separately,Freight Included in Commodity Cost,0.57
12297,151-NG-T01,Pre-PQ Process,SO-22520,DN-1294,Nigeria,PMO - US,From RDC,N/A - From RDC,Air Charter,Pre-PQ Process,N/A - From RDC,16-Jun-09,16-Jun-09,16-Jun-09,ARV,Adult,SCMS from RDC,"Emtricitabine/Tenofovir Disoproxil Fumarate 200/300mg [Truvada], tablets, 30 Tabs",Emtricitabine/Tenofovir Disoproxil Fumarate,Truvada,300/200mg,Tablet - FDC,30,27314,716992.5,26.25,0.88,"Aspen-OSD, Port Elizabeth, SA",Yes,2363,7329.83,1405.31
11749,109-TZ-T01,Pre-PQ Process,SO-748,DN-230,Tanzania,PMO - US,From RDC,N/A - From RDC,Air,Pre-PQ Process,N/A - From RDC,18-Jul-07,18-Jul-07,18-Jul-07,HRDT,HIV test,SCMS from RDC,"HIV 1/2, Bioline 3.0 Kit, Lancets, Capillary pipets, Alcohol swabs included, 25 Tests","HIV 1/2, Bioline 3.0 Kit, Lancets, Capillary pipets, Alcohol swabs included",Bioline,,Test kit,25,6356,127120.0,20.0,0.8,"Standard Diagnostics, Korea",Yes,1879,9538.74,203.39
83477,114-UG-T30,FPQ-6427,SO-37530,DN-2079,Uganda,PMO - US,From RDC,N/A - From RDC,Truck,9/29/10,N/A - From RDC,31-Dec-10,23-Dec-10,23-Dec-10,ARV,Adult,SCMS from RDC,"Lamivudine/Nevirapine/Zidovudine 150/200/300mg, tablets, 60 Tabs",Lamivudine/Nevirapine/Zidovudine,Generic,150/300/200mg,Tablet - FDC,60,125000,1402500.0,11.22,0.19,"Aurobindo Unit III, India",Yes,16790,103428,3023.79
11744,109-TZ-T01,Pre-PQ Process,SO-445,DN-241,Tanzania,PMO - US,From RDC,N/A - From RDC,Air,Pre-PQ Process,N/A - From RDC,30-Jul-07,30-Jul-07,30-Jul-07,ARV,Adult,SCMS from RDC,"Lamivudine/Zidovudine 150/300mg, tablets, 60 Tabs",Lamivudine/Zidovudine,Generic,150/300mg,Tablet - FDC,60,10977,117234.36,10.68,0.18,"Aurobindo Unit III, India",Yes,957,3243,187.57
75153,133-NG-T30,FPQ-12812,SCMS-210340,ASN-23200,Nigeria,PMO - US,Direct Drop,EXW,Air,8/13/13,11/1/13,3-Jan-14,3-Jan-14,13-Jan-14,HRDT,HIV test,"CHEMBIO DIAGNOSTIC SYSTEMS, INC.","HIV 1/2, Stat-Pak HIV, Kit, 20 Tests","HIV 1/2, Stat-Pak HIV, Kit",Stat-Pak,,Test kit,20,3337,106784.0,32.0,1.6,Chembio Diagnostics Sys. Inc.,Yes,1252,5758.84,132.09
28210,900-TZ-T30,FPQ-10394,SCMS-156500,ASN-16217,Tanzania,PMO - US,Direct Drop,EXW,Air,7/26/12,8/9/12,9-Oct-12,9-Oct-12,9-Oct-12,ARV,Adult,Aurobindo Pharma Limited,"Efavirenz 600mg, tablets, 30 Tabs",Efavirenz,Generic,600mg,Tablet,30,64980,214434.0,3.3,0.11,"Aurobindo Unit III, India",Yes,5578,18826.62,300.64
12862,123-NG-T01,Pre-PQ Process,SO-2554,DN-960,Nigeria,PMO - US,From RDC,N/A - From RDC,Air,Pre-PQ Process,N/A - From RDC,30-Oct-08,30-Oct-08,30-Oct-08,ARV,Adult,SCMS from RDC,"Nevirapine 200mg, tablets, 60 Tabs",Nevirapine,Generic,200mg,Tablet,60,6002,20406.8,3.4,0.06,"Aurobindo Unit III, India",No,See DN-960 (ID#:11945),See DN-960 (ID#:11945),40.0
36541,116-ZA-T30,FPQ-13035,SCMS-215370,ASN-24415,South Africa,PMO - US,Direct Drop,DDP,Truck,10/8/13,12/2/13,6-Feb-14,6-Feb-14,6-Feb-14,ARV,Pediatric,S. BUYS WHOLESALER,"Efavirenz 200mg, capsule, 90 Caps",Efavirenz,Generic,200mg,Capsule,90,85,1985.58,23.36,0.26,"Aurobindo Unit III, India",No,Weight Captured Separately,Freight Included in Commodity Cost,2.46
64832,101-CD-T30,FPQ-14100,SCMS-239710,ASN-26736,"Congo, DRC",PMO - US,Direct Drop,EXW,Air,4/23/14,5/20/14,11-Aug-14,11-Aug-14,27-Aug-14,HRDT,HIV test - Ancillary,"Orgenics, Ltd","Chase Buffer, Determine, 100 Tests, 2.5ml x 1 Vial","Chase Buffer, Determine, 100 Tests, 2.5ml x 1 Vial",Determine,,Test kit - Ancillary,1,3438,17190.0,5.0,5.0,"Alere Medical Co., Ltd.",No,See ASN-26736 (ID#:64603),See ASN-26736 (ID#:64603),17.67
74320,106-HT-T30,FPQ-12590,SCMS-210510,ASN-24412,Haiti,PMO - US,Direct Drop,EXW,Ocean,8/21/13,10/25/13,9-May-14,9-May-14,12-May-14,ARV,Adult,HETERO LABS LIMITED,"Nevirapine 200mg, tablets, 60 Tabs",Nevirapine,Generic,200mg,Tablet,60,10725,23595.0,2.2,0.04,Hetero Unit III Hyderabad IN,No,See ASN-24412 (ID#:64757),See ASN-24412 (ID#:64757),29.19
65081,108-VN-T30,FPQ-13976,SCMS-236120,ASN-27811,Vietnam,PMO - US,Direct Drop,EXW,Air,4/8/14,4/30/14,16-Sep-14,23-Sep-14,4-Nov-14,ARV,Adult,HETERO LABS LIMITED,"Efavirenz/Lamivudine/Tenofovir Disoproxil Fumarate 600/300/300mg, tablets, 30 Tabs",Efavirenz/Lamivudine/Tenofovir Disoproxil Fumarate,Generic,600/300/300mg,Tablet - FDC,30,14016,147168.0,10.5,0.35,Hetero Unit III Hyderabad IN,Yes,1955,6194.69,151.29
19656,161-ZA-T30,FPQ-6262,SCMS-84250,ASN-9052,South Africa,PMO - US,Direct Drop,DDP,Ocean,8/31/10,9/21/10,15-Dec-10,15-Dec-10,15-Dec-10,ARV,Adult,STRIDES ARCOLAB LIMITED,"Lamivudine 150mg, tablets, 60 Tabs",Lamivudine,Generic,150mg,Tablet,60,168711,416716.17,2.47,0.04,"Strides, Bangalore, India.",Yes,8183,12225.76,898.44
85724,104-CI-T30,FPQ-5925,SO-37740,DN-2064,Côte d'Ivoire,PMO - US,From RDC,N/A - From RDC,Air,6/23/10,N/A - From RDC,30-Nov-10,9-Dec-10,9-Dec-10,ARV,Adult,SCMS from RDC,"Stavudine 20mg, capsules, 60 Caps",Stavudine,Generic,20mg,Capsule,60,1013,1448.59,1.43,0.02,"Aurobindo Unit III, India",No,See DN-2064 (ID#:83469),See DN-2064 (ID#:83469),3.12
85347,104-CI-T30,FPQ-10633,SO-43330,DN-3075,Côte d'Ivoire,PMO - US,From RDC,N/A - From RDC,Truck,9/11/12,N/A - From RDC,28-Mar-13,30-Mar-13,30-Mar-13,ARV,Adult,SCMS from RDC,"Lamivudine/Nevirapine/Zidovudine 150/200/300mg, tablets, 60 Tabs",Lamivudine/Nevirapine/Zidovudine,Generic,150/300/200mg,Tablet - FDC,60,50000,429000.0,8.58,0.14,"Strides, Bangalore, India.",No,See DN-3075 (ID#:83129),See DN-3075 (ID#:83129),601.46
10786,110-ZM-T01,Pre-PQ Process,SO-31950,DN-1361,Zambia,PMO - US,From RDC,N/A - From RDC,Truck,Date Not Captured,N/A - From RDC,4-Sep-09,4-Sep-09,4-Sep-09,ARV,Adult,SCMS from RDC,"Zidovudine 300mg, tablets, 60 Tabs",Zidovudine,Generic,300mg,Tablet,60,9700,74787.0,7.71,0.13,"Aurobindo Unit III, India",Yes,551,2448.71,146.58
12328,110-ZM-T01,Pre-PQ Process,SO-33320,DN-1499,Zambia,PMO - US,From RDC,N/A - From RDC,Air,Date Not Captured,N/A - From RDC,23-Oct-09,23-Oct-09,23-Oct-09,ARV,Adult,SCMS from RDC,"Efavirenz 600mg, tablets, 30 Tabs",Efavirenz,Generic,600mg,Tablet,30,13941,80578.98,5.78,0.19,"Emcure Plot No.P-2, I.T-B.T. Park, Phase II, MIDC, Hinjwadi, Pune, India",Yes,986,5097.09,173.73
86489,111-MZ-T30,FPQ-9506,SO-41770,DN-2738,Mozambique,PMO - US,From RDC,N/A - From RDC,Truck,3/16/12,N/A - From RDC,4-Sep-12,22-Aug-12,22-Aug-12,ARV,Pediatric,SCMS from RDC,"Nevirapine 10mg/ml, oral suspension w/syringe, Bottle, 240 ml",Nevirapine,Generic,10mg/ml,Oral suspension,240,54128,105549.6,1.95,0.01,"Aurobindo Unit III, India",No,See DN-2738 (ID#:85875),See DN-2738 (ID#:85875),147.98
10901,110-ZM-T01,Pre-PQ Process,SO-976,DN-384,Zambia,PMO - US,From RDC,N/A - From RDC,,Pre-PQ Process,N/A - From RDC,29-Oct-07,29-Oct-07,29-Oct-07,ARV,Pediatric,SCMS from RDC,"Lamivudine 10mg/ml, oral solution, Bottle, 240 ml",Lamivudine,Generic,10mg/ml,Oral solution,240,5496,10827.12,1.97,0.01,"Aurobindo Unit III, India",Yes,6230,25739.49,17.32
42361,116-ZA-T30,FPQ-15269,SCMS-267020,ASN-29764,South Africa,PMO - US,Direct Drop,DDP,Truck,10/29/14,12/10/14,10-Dec-14,10-Dec-14,10-Dec-14,ARV,Adult,S. BUYS WHOLESALER,"Zidovudine 300mg, tablets, 60 Tabs",Zidovudine,Generic,300mg,Tablet,60,13,287.28,22.1,0.37,"Aurobindo Unit III, India",No,Weight Captured Separately,Freight Included in Commodity Cost,0.34
83139,114-UG-T30,FPQ-10945,SO-43630,DN-3147,Uganda,PMO - US,From RDC,N/A - From RDC,Air,11/6/12,N/A - From RDC,20-Jun-13,22-May-13,22-May-13,ARV,Adult,SCMS from RDC,"Efavirenz/Lamivudine/Tenofovir Disoproxil Fumarate 600/300/300mg, tablets, 30 Tabs",Efavirenz/Lamivudine/Tenofovir Disoproxil Fumarate,Generic,600/300/300mg,Tablet - FDC,30,238606,2510135.12,10.52,0.35,Hetero Unit III Hyderabad IN,Yes,31473,24816.73,3105.04
9279,114-UG-T01,Pre-PQ Process,SCMS-157,ASN-127,Uganda,PMO - US,Direct Drop,EXW,Air,Pre-PQ Process,Date Not Captured,21-Dec-06,21-Dec-06,21-Dec-06,ARV,Adult,Aurobindo Pharma Limited,"Efavirenz 600mg, tablets, 30 Tabs",Efavirenz,Generic,600mg,Tablet,30,5080,85090.0,16.75,0.56,"Aurobindo Unit III, India",No,See ASN-127 (ID#:3955),See ASN-127 (ID#:3955),
7128,116-ZA-T01,Pre-PQ Process,SCMS-23500,ASN-2300,South Africa,PMO - US,Direct Drop,DDP,Truck,Pre-PQ Process,Date Not Captured,20-Aug-08,14-May-08,14-May-08,ARV,Pediatric,S. BUYS WHOLESALER,"Lamivudine 10mg/ml [Epivir], oral solution, Bottle, 240 ml",Lamivudine,Epivir,10mg/ml,Oral solution,240,470,2942.2,6.26,0.03,GSK Mississauga (Canada),No,Weight Captured Separately,Freight Included in Commodity Cost,4.71
11483,104-CI-T01,Pre-PQ Process,SO-1101,DN-434,Côte d'Ivoire,PMO - US,From RDC,N/A - From RDC,Air,Pre-PQ Process,N/A - From RDC,22-Nov-07,22-Nov-07,22-Nov-07,ARV,Pediatric,SCMS from RDC,"Efavirenz 30mg/ml [Stocrin/Sustiva], oral solution, Bottle, 180 ml",Efavirenz,Stocrin/Sustiva,30mg/ml,Oral solution,180,3027,28756.5,9.5,0.05,"MSD, Haarlem, NL",Yes,9248,25563,46.01
83400,110-ZM-T30,FPQ-4273,SO-33710,DN-1648,Zambia,PMO - US,From RDC,N/A - From RDC,Truck,9/17/09,N/A - From RDC,5-Mar-10,5-Mar-10,5-Mar-10,ARV,Pediatric,SCMS from RDC,"Didanosine 100mg, chewable/dispersible tablets, 60 Tabs",Didanosine,Generic,100mg,Chewable/dispersible tablet,60,10000,77200.0,7.72,0.13,"Aurobindo Unit III, India",Yes,2085,3379.64,151.31
31941,108-VN-T30,FPQ-12051,SCMS-190500,ASN-21652,Vietnam,PMO - US,Direct Drop,EXW,Air,5/3/13,5/21/13,24-Sep-13,24-Sep-13,24-Sep-13,ARV,Adult,HETERO LABS LIMITED,"Efavirenz 600mg, tablets, 30 Tabs",Efavirenz,Generic,600mg,Tablet,30,27186,88082.64,3.24,0.11,"Hetero, Jadcherla, unit 5, IN",Yes,2321,3353.3,108.96
84351,104-CI-T30,FPQ-12800,SO-46430,DN-3599,Côte d'Ivoire,PMO - US,From RDC,N/A - From RDC,Truck,8/9/13,N/A - From RDC,30-Apr-14,14-Apr-14,22-May-14,ARV,Adult,SCMS from RDC,"Tenofovir Disoproxil Fumarate 300mg, tablets, 30 Tabs",Tenofovir Disoproxil Fumarate,Generic,300mg,Tablet,30,4400,17776.0,4.04,0.13,Mylan (formerly Matrix) Nashik,Yes,11043,39329.03,21.99
83768,101-CD-T30,FPQ-13554,SO-47630,DN-3561,"Congo, DRC",PMO - US,From RDC,N/A - From RDC,Air,1/15/14,N/A - From RDC,30-May-14,19-May-14,26-Jun-14,ARV,Pediatric,SCMS from RDC,"Efavirenz 200mg, scored tablets, 90 Tabs",Efavirenz,Generic,200mg,Tablet,90,510,4743.0,9.3,0.1,"Strides, Bangalore, India.",No,See DN-3561 (ID#:82654),See DN-3561 (ID#:82654),4.88
3490,116-ZA-T01,Pre-PQ Process,SCMS-33320,ASN-3553,South Africa,PMO - US,Direct Drop,DDP,Truck,Pre-PQ Process,Date Not Captured,17-May-09,9-Oct-08,9-Oct-08,ARV,Adult,S. BUYS WHOLESALER,"Stavudine 30mg [Zerit], capsules, 60 Caps",Stavudine,Zerit,30mg,Capsule,60,1200,5772.0,4.81,0.08,"BMS Meymac, France",No,Weight Captured Separately,Freight Included in Commodity Cost,11.31
38510,106-HT-T30,FPQ-16241,SCMS-288890,ASN-32682,Haiti,PMO - US,Direct Drop,EXW,Ocean,5/5/15,5/27/15,13-Aug-15,13-Aug-15,14-Aug-15,ARV,Adult,HETERO LABS LIMITED,"Lamivudine/Nevirapine/Zidovudine 150/200/300mg, tablets, 60 Tabs",Lamivudine/Nevirapine/Zidovudine,Generic,150/300/200mg,Tablet - FDC,60,55536,449841.6,8.1,0.13,"Hetero, Jadcherla, unit 5, IN",Yes,Weight Captured Separately,Invoiced Separately,529.46
85987,114-UG-T30,FPQ-12253,SO-45460,DN-3271,Uganda,PMO - US,From RDC,N/A - From RDC,Air,5/8/13,N/A - From RDC,2-Sep-13,2-Sep-13,2-Sep-13,ARV,Adult,SCMS from RDC,"Lamivudine/Nevirapine/Zidovudine 150/200/300mg, tablets, 60 Tabs",Lamivudine/Nevirapine/Zidovudine,Generic,150/300/200mg,Tablet - FDC,60,14010,120205.8,8.58,0.14,"Cipla, Goa, India",No,See DN-3271 (ID#:85394),See DN-3271 (ID#:85394),148.69
69051,133-NG-T30,FPQ-14995,SCMS-260700,ASN-29936,Nigeria,PMO - US,Direct Drop,EXW,Air,9/22/14,10/29/14,19-Jan-15,20-Jan-15,22-Jan-15,HRDT,HIV test,"Orgenics, Ltd","HIV 1/2, Determine Complete HIV Kit, 100 Tests","HIV 1/2, Determine Complete HIV Kit",Determine,,Test kit,100,3180,283020.0,89.0,0.89,"Alere Medical Co., Ltd.",Yes,1290,15890.52,290.94
52837,133-NG-T30,FPQ-15504,SCMS-270771,ASN-32758,Nigeria,PMO - US,Direct Drop,EXW,Air,12/8/14,3/13/15,30-Jun-15,26-Jun-15,2-Jul-15,HRDT,HIV test,"Orgenics, Ltd","HIV 1/2, Determine Complete HIV Kit, 100 Tests","HIV 1/2, Determine Complete HIV Kit",Determine,,Test kit,100,4657,414473.0,89.0,0.89,"Alere Medical Co., Ltd.",Yes,2307,21672.24,487.83
83492,110-ZM-T30,FPQ-6222,SO-38910,DN-2142,Zambia,PMO - US,From RDC,N/A - From RDC,Truck,8/20/10,N/A - From RDC,31-Mar-11,5-Apr-11,5-Apr-11,ARV,Adult,SCMS from RDC,"Lamivudine 150mg, tablets, 60 Tabs",Lamivudine,Generic,150mg,Tablet,60,21678,50509.74,2.33,0.04,"Aurobindo Unit III, India",Yes,1084,4471.07,108.9
11663,111-MZ-T01,Pre-PQ Process,SO-26423,DN-1332,Mozambique,PMO - US,From RDC,N/A - From RDC,Truck,Date Not Captured,N/A - From RDC,27-Aug-09,27-Aug-09,27-Aug-09,ARV,Adult,SCMS from RDC,"Lamivudine/Zidovudine 150/300mg, tablets, 60 Tabs",Lamivudine/Zidovudine,Generic,150/300mg,Tablet - FDC,60,2484,21759.84,8.76,0.15,"Aurobindo Unit III, India",Yes,2078,2400.25,42.65
38368,161-ZA-T30,FPQ-5303,SCMS-68950,ASN-7080,South Africa,PMO - US,Direct Drop,DDP,Air,3/18/10,3/19/10,9-Jun-10,7-Jul-10,7-Jul-10,ARV,Adult,Aurobindo Pharma Limited,"Nevirapine 200mg, tablets, 60 Tabs",Nevirapine,Generic,200mg,Tablet,60,38400,112128.0,2.92,0.05,"Aurobindo Unit III, India",Yes,4528,6369.79,241.75
28928,161-ZA-T30,FPQ-5648,SCMS-75510,ASN-8300,South Africa,PMO - US,Direct Drop,DDP,Air,6/2/10,6/17/10,25-Nov-10,25-Nov-10,25-Nov-10,ARV,Adult,Aurobindo Pharma Limited,"Tenofovir Disoproxil Fumarate 300mg, tablets, 30 Tabs",Tenofovir Disoproxil Fumarate,Generic,300mg,Tablet,30,40319,278604.29,6.91,0.23,"Aurobindo Unit III, India",Yes,3545,5953.38,600.67
6400,116-ZA-T01,Pre-PQ Process,SCMS-41050,ASN-3635,South Africa,PMO - US,Direct Drop,DDP,Air,Pre-PQ Process,Date Not Captured,21-Apr-09,5-Dec-08,5-Dec-08,ARV,Pediatric,S. BUYS WHOLESALER,"Zidovudine 10mg/ml, oral solution, Bottle, 240 ml",Zidovudine,Generic,10mg/ml,Oral solution,240,23,83.72,3.64,0.02,"Aurobindo Unit III, India",No,See ASN-3635 (ID#:3745),See ASN-3635 (ID#:3745),0.16
83705,114-UG-T30,FPQ-12253,SO-45470,DN-3256,Uganda,PMO - US,From RDC,N/A - From RDC,Air,5/8/13,N/A - From RDC,6-Aug-13,20-Aug-13,20-Aug-13,ARV,Adult,SCMS from RDC,"Lamivudine/Zidovudine 150/300mg, tablets, 60 Tabs",Lamivudine/Zidovudine,Generic,150/300mg,Tablet - FDC,60,7619,53333.0,7.0,0.12,Hetero Unit III Hyderabad IN,No,See DN-3256 (ID#:83149),See DN-3256 (ID#:83149),65.97
82622,104-CI-T30,FPQ-11253,SO-44212,DN-3430,Côte d'Ivoire,PMO - US,From RDC,N/A - From RDC,Truck,12/14/12,N/A - From RDC,29-Nov-13,10-Dec-13,8-Jan-14,ARV,Adult,SCMS from RDC,"Lopinavir/Ritonavir 200/50mg, tablets, 120 Tabs",Lopinavir/Ritonavir,Generic,200/50mg,Tablet,120,1784,37464.0,21.0,0.18,Mylan (formerly Matrix) Nashik,Yes,475,3332.73,46.34
84894,104-CI-T30,FPQ-12144,SO-45631,DN-3547,Côte d'Ivoire,PMO - US,From RDC,N/A - From RDC,Truck,4/22/13,N/A - From RDC,28-Feb-14,18-Jan-14,4-Mar-14,ARV,Pediatric,SCMS from RDC,"Abacavir/Lamivudine 60/30mg, tablets, 60 Tabs",Abacavir/Lamivudine,Generic,60/30mg,Tablet - FDC,60,1915,7660.0,4.0,0.07,"Aurobindo Unit III, India",No,See DN-3547 (ID#:83763),See DN-3547 (ID#:83763),9.48
27067,133-NG-T30,FPQ-12458,SCMS-196570,ASN-21226,Nigeria,PMO - US,Direct Drop,EXW,Air,6/10/13,7/10/13,27-Aug-13,27-Aug-13,27-Aug-13,HRDT,HIV test,"CHEMBIO DIAGNOSTIC SYSTEMS, INC.","HIV 1/2, Stat-Pak HIV, Kit, 20 Tests","HIV 1/2, Stat-Pak HIV, Kit",Stat-Pak,,Test kit,20,202,6464.0,32.0,1.6,Chembio Diagnostics Sys. Inc.,Yes,60,624.92,8.0
85539,113-ZW-T30,FPQ-14458,SO-49171,DN-3974,Zimbabwe,PMO - US,From RDC,N/A - From RDC,Truck,6/13/14,N/A - From RDC,31-Jan-15,30-Oct-14,7-Nov-14,ARV,Adult,SCMS from RDC,"Efavirenz/Lamivudine/Tenofovir Disoproxil Fumarate 600/300/300mg, tablets, 30 Tabs",Efavirenz/Lamivudine/Tenofovir Disoproxil Fumarate,Generic,600/300/300mg,Tablet - FDC,30,6,0.0,0.0,0.0,Cipla Ltd A-42 MIDC Mahar. IN,No,See DN-3974 (ID#:82745),See DN-3974 (ID#:82745),0.0
62322,102-AO-T30,FPQ-6434,SCMS-91630,ASN-9551,Angola,PMO - US,Direct Drop,EXW,Air,10/28/10,11/10/10,12-May-11,12-May-11,12-May-11,HRDT,HIV test,"Orgenics, Ltd","HIV 1/2, Determine Complete HIV Kit, 100 Tests","HIV 1/2, Determine Complete HIV Kit",Determine,,Test kit,100,1800,144000.0,80.0,0.8,Inverness Japan,Yes,865,13790.1,310.46
43714,133-NG-T30,FPQ-9599,SCMS-144200,ASN-15953,Nigeria,PMO - US,Direct Drop,EXW,Air,3/27/12,5/3/12,1-Aug-12,30-Aug-12,30-Aug-12,HRDT,HIV test,"Orgenics, Ltd","HIV 1/2, Determine Complete HIV Kit, 100 Tests","HIV 1/2, Determine Complete HIV Kit",Determine,,Test kit,100,8149,725261.0,89.0,0.89,"Alere Medical Co., Ltd.",Yes,3886,86928.23,1016.82
10727,130-NG-T01,Pre-PQ Process,SO-10580,DN-909,Nigeria,PMO - US,From RDC,N/A - From RDC,Air,Pre-PQ Process,N/A - From RDC,22-Sep-08,22-Sep-08,22-Sep-08,ARV,Adult,SCMS from RDC,"Nevirapine 200mg, tablets, 60 Tabs",Nevirapine,Generic,200mg,Tablet,60,2066,7024.4,3.4,0.06,"Aurobindo Unit III, India",Yes,451,3487.94,11.24
7607,108-VN-T01,Pre-PQ Process,SCMS-37160,ASN-3561,Vietnam,PMO - US,Direct Drop,EXW,Air,Pre-PQ Process,1/16/09,7-Apr-09,7-Apr-09,7-Apr-09,ARV,Adult,Aurobindo Pharma Limited,"Lamivudine/Zidovudine 150/300mg, tablets, 60 Tabs",Lamivudine/Zidovudine,Generic,150/300mg,Tablet - FDC,60,4032,34715.52,8.61,0.14,"Aurobindo Unit III, India",No,See ASN-3561 (ID#:2297),See ASN-3561 (ID#:2297),68.04
12673,111-MZ-T01,Pre-PQ Process,SO-502,DN-282,Mozambique,PMO - US,From RDC,N/A - From RDC,Air,Pre-PQ Process,N/A - From RDC,10-Oct-07,10-Oct-07,10-Oct-07,ARV,Pediatric,SCMS from RDC,"Abacavir 20mg/ml, oral solution, Bottle, 240 ml",Abacavir,Generic,20mg/ml,Oral solution,240,1020,21930.0,21.5,0.09,"Aurobindo Unit III, India",No,See DN-282 (ID#:11144),See DN-282 (ID#:11144),35.09
12535,123-NG-T01,Pre-PQ Process,SO-11231,DN-862,Nigeria,PMO - US,From RDC,N/A - From RDC,Air,Pre-PQ Process,N/A - From RDC,31-Jul-08,31-Jul-08,31-Jul-08,ARV,Adult,SCMS from RDC,"Emtricitabine/Tenofovir Disoproxil Fumarate 200/300mg [Truvada], tablets, 30 Tabs",Emtricitabine/Tenofovir Disoproxil Fumarate,Truvada,300/200mg,Tablet - FDC,30,20000,525000.0,26.25,0.88,"Aspen-OSD, Port Elizabeth, SA",Yes,1741,10665.71,840.0
86170,111-MZ-T30,FPQ-15195,SO-50121,DN-4153,Mozambique,PMO - US,From RDC,N/A - From RDC,Truck,10/17/14,N/A - From RDC,30-Jun-15,10-Apr-15,20-Apr-15,ARV,Adult,SCMS from RDC,"Nevirapine 200mg, tablets, 60 Tabs",Nevirapine,Generic,200mg,Tablet,60,1960,4272.8,2.18,0.04,Hetero Unit III Hyderabad IN,Yes,9674,7921,5.03
12120,111-MZ-T01,Pre-PQ Process,SO-1064,DN-415,Mozambique,PMO - US,From RDC,N/A - From RDC,Air,Pre-PQ Process,N/A - From RDC,30-Nov-07,30-Nov-07,30-Nov-07,HRDT,HIV test,SCMS from RDC,"HIV 1/2, Uni-Gold HIV Kit, 20 Tests","HIV 1/2, Uni-Gold HIV Kit",Uni-Gold,,Test kit,20,3480,111360.0,32.0,1.6,"Trinity Biotech, Plc",Yes,2766,10698.63,178.18
9253,106-HT-T01,Pre-PQ Process,SCMS-63,ASN-83,Haiti,PMO - US,Direct Drop,EXW,Air,Pre-PQ Process,Date Not Captured,18-Oct-06,18-Oct-06,18-Oct-06,HRDT,HIV test,Abbott GmbH & Co. KG,"HIV 1/2, Determine Complete HIV Kit, 100 Tests","HIV 1/2, Determine Complete HIV Kit",Determine,,Test kit,100,500,40000.0,80.0,0.8,ABBVIE GmbH & Co.KG Wiesbaden,Yes,169,1215.84,
4461,116-ZA-T01,Pre-PQ Process,SCMS-23500,ASN-2293,South Africa,PMO - US,Direct Drop,DDP,Truck,Pre-PQ Process,Date Not Captured,20-Aug-08,8-May-08,8-May-08,ARV,Pediatric,S. BUYS WHOLESALER,"Didanosine 25mg [Videx], chewable tablets, 60 Tabs",Didanosine,Videx,25mg,Chewable/dispersible tablet,60,4,52.96,13.24,0.22,"BMS Meymac, France",No,Weight Captured Separately,Freight Included in Commodity Cost,0.08
24374,107-RW-T30,FPQ-3859,SCMS-48920,ASN-5840,Rwanda,PMO - US,Direct Drop,CIP,Air,6/30/09,7/17/09,27-Jan-10,27-Jan-10,27-Jan-10,ARV,Adult,Aurobindo Pharma Limited,"Tenofovir Disoproxil Fumarate 300mg, tablets, 30 Tabs",Tenofovir Disoproxil Fumarate,Generic,300mg,Tablet,30,5520,47251.2,8.56,0.29,"Aurobindo Unit III, India",Yes,516,2355.52,92.61
83322,107-RW-T30,FPQ-14111,SO-48813,DN-4181,Rwanda,PMO - US,From RDC,N/A - From RDC,Truck,4/22/14,N/A - From RDC,30-Apr-15,27-Mar-15,7-Apr-15,ARV,Pediatric,SCMS from RDC,"Abacavir 20mg/ml, oral solution, Bottle, 240 ml",Abacavir,Generic,20mg/ml,Oral solution,240,503,3435.49,6.83,0.03,"Aurobindo Unit III, India",Yes,Weight Captured Separately,Invoiced Separately,3.53
82661,101-CD-T30,FPQ-13554,SO-47640,DN-3603,"Congo, DRC",PMO - US,From RDC,N/A - From RDC,Air,1/15/14,N/A - From RDC,26-Mar-14,13-May-14,16-May-14,ARV,Adult,SCMS from RDC,"Nevirapine 200mg, tablets, 60 Tabs",Nevirapine,Generic,200mg,Tablet,60,2167,4897.42,2.26,0.04,"Aurobindo Unit III, India",Yes,211,3531.86,5.03
85110,114-UG-T30,FPQ-4496,SO-34981,DN-1816,Uganda,PMO - US,From RDC,N/A - From RDC,Air,10/28/09,N/A - From RDC,3-May-10,3-May-10,3-May-10,ARV,Adult,SCMS from RDC,"Lamivudine/Nevirapine/Zidovudine 150/200/300mg, tablets, 60 Tabs",Lamivudine/Nevirapine/Zidovudine,Generic,150/300/200mg,Tablet - FDC,60,17000,190740.0,11.22,0.19,Mylan (formerly Matrix) Nashik,Yes,2156,14467.75,411.24
73665,161-ZA-T30,FPQ-6262,SCMS-83770,ASN-9944,South Africa,PMO - US,Direct Drop,DDP,Ocean,8/31/10,9/24/10,26-Apr-11,12-Apr-11,12-Apr-11,ARV,Adult,Aurobindo Pharma Limited,"Lamivudine 150mg, tablets, 60 Tabs",Lamivudine,Generic,150mg,Tablet,60,185748,440222.76,2.37,0.04,"Aurobindo Unit III, India",Yes,9374,11372.23,949.12
2740,102-NG-T01,Pre-PQ Process,SCMS-687,ASN-544,Nigeria,PMO - US,Direct Drop,EXW,Air,Pre-PQ Process,6/8/07,10-Jul-07,10-Jul-07,10-Jul-07,HRDT,HIV test,"CHEMBIO DIAGNOSTIC SYSTEMS, INC.","HIV 1/2, Stat-Pak HIV, Kit, 20 Tests","HIV 1/2, Stat-Pak HIV, Kit",Stat-Pak,,Test kit,20,10000,270000.0,27.0,1.35,Chembio Diagnostics Sys. Inc.,Yes,3045,28118.58,432.0
86246,114-UG-T30,FPQ-4275,SO-33870,DN-1552,Uganda,PMO - US,From RDC,N/A - From RDC,Air,9/17/09,N/A - From RDC,14-Jan-10,31-Dec-09,31-Dec-09,ARV,Adult,SCMS from RDC,"Lamivudine/Zidovudine 150/300mg, tablets, 60 Tabs",Lamivudine/Zidovudine,Generic,150/300mg,Tablet - FDC,60,16575,145197.0,8.76,0.15,Mylan (formerly Matrix) Nashik,Yes,6843,7231,284.59
10939,110-ZM-T01,Pre-PQ Process,SO-1033,DN-553,Zambia,PMO - US,From RDC,N/A - From RDC,,Pre-PQ Process,N/A - From RDC,28-Feb-08,28-Feb-08,28-Feb-08,ARV,Adult,SCMS from RDC,"Efavirenz 600mg, tablets, 30 Tabs",Efavirenz,Generic,600mg,Tablet,30,44135,548156.7,12.42,0.41,Mylan (formerly Matrix) Nashik,Yes,3483,12643.63,877.05
65359,116-ZA-T30,FPQ-14942,SCMS-259077,ASN-33478,South Africa,PMO - US,Direct Drop,DDP,Truck,9/11/14,10/9/14,24-Jul-15,24-Jul-15,24-Jul-15,ARV,Adult,PHARMACY DIRECT,"Raltegravir 400mg [Isentress], tablets, 60 Tabs",Raltegravir,Isentress,400mg,Tablet,60,35,2301.31,65.75,1.1,"MSD, Haarlem, NL",No,Weight Captured Separately,Freight Included in Commodity Cost,2.37
80470,108-VN-T30,FPQ-11418,SCMS-176160,ASN-19186,Vietnam,PMO - US,Direct Drop,FCA,Air,1/29/13,2/11/13,17-May-13,17-May-13,17-May-13,ARV,Adult,ABBVIE LOGISTICS (FORMERLY ABBOTT LOGISTICS BV),"Lopinavir/Ritonavir 200/50mg [Aluvia], tablets, 120 Tabs",Lopinavir/Ritonavir,Aluvia,200/50mg,Tablet,120,1114,67753.48,60.82,0.51,ABBVIE Ludwigshafen Germany,Yes,266,6568.7,83.81
34143,116-ZA-T30,FPQ-14942,SCMS-259075,ASN-32122,South Africa,PMO - US,Direct Drop,DDP,Truck,9/11/14,5/11/15,12-May-15,12-May-15,12-May-15,ARV,Pediatric,PHARMACY DIRECT,"Lamivudine 10mg/ml, oral solution, Bottle, 240 ml",Lamivudine,Generic,10mg/ml,Oral solution,240,6,31.01,5.17,0.02,"Aurobindo Unit III, India",No,Weight Captured Separately,Freight Included in Commodity Cost,0.03
83916,102-BI-T30,FPQ-15406,SO-50291,DN-4306,Burundi,PMO - US,From RDC,N/A - From RDC,Air,11/19/14,N/A - From RDC,31-Jul-15,10-Jul-15,13-Jul-15,ARV,Adult,SCMS from RDC,"Lopinavir/Ritonavir 200/50mg, tablets, 120 Tabs",Lopinavir/Ritonavir,Generic,200/50mg,Tablet,120,240,4646.4,19.36,0.16,"Aurobindo Unit III, India",Yes,58,1289.48,5.47
82848,123-NG-T30,FPQ-4014,SO-32970,DN-1560,Nigeria,PMO - US,From RDC,N/A - From RDC,Air Charter,7/27/09,N/A - From RDC,18-Dec-09,18-Dec-09,18-Dec-09,ARV,Adult,SCMS from RDC,"Lamivudine/Zidovudine 150/300mg, tablets, 60 Tabs",Lamivudine/Zidovudine,Generic,150/300mg,Tablet - FDC,60,42751,374498.76,8.76,0.15,Mylan (formerly Matrix) Nashik,Yes,3409,11637.64,734.02
82455,151-NG-T30,FPQ-8952,SO-41266,DN-2568,Nigeria,PMO - US,From RDC,N/A - From RDC,Air Charter,12/8/11,N/A - From RDC,20-Jun-12,16-Feb-12,16-Feb-12,ARV,Adult,SCMS from RDC,"Nevirapine 200mg, tablets, 60 Tabs",Nevirapine,Generic,200mg,Tablet,60,100000,258000.0,2.58,0.04,"Strides, Bangalore, India.",Yes,18672,25231.96,361.72
83200,114-UG-T30,FPQ-13107,SO-46840,DN-3503,Uganda,PMO - US,From RDC,N/A - From RDC,Truck,10/16/13,N/A - From RDC,28-Feb-14,30-Jan-14,3-Feb-14,ARV,Pediatric,SCMS from RDC,"Nevirapine 10mg/ml, oral suspension w/syringe, Bottle, 100 ml",Nevirapine,Generic,10mg/ml,Oral suspension,100,15000,19500.0,1.3,0.01,"Aurobindo Unit III, India",Yes,2978,5458.46,20.05
69483,116-ZA-T30,FPQ-14942,SCMS-259071,ASN-29597,South Africa,PMO - US,Direct Drop,DDP,Truck,9/11/14,11/28/14,28-Nov-14,28-Nov-14,28-Nov-14,ARV,Adult,PHARMACY DIRECT,"Abacavir 300mg, tablets, 60 Tabs",Abacavir,Generic,300mg,Tablet,60,39,1944.25,49.85,0.83,"Aurobindo Unit III, India",No,Weight Captured Separately,Freight Included in Commodity Cost,2.0
86796,104-CI-T30,FPQ-15259,SO-50101,DN-4211,Côte d'Ivoire,PMO - US,From RDC,N/A - From RDC,Truck,10/24/14,N/A - From RDC,19-Jun-15,16-Apr-15,20-Apr-15,ARV,Adult,SCMS from RDC,"Lamivudine/Tenofovir Disoproxil Fumarate 300/300mg, tablets, 30 Tabs",Lamivudine/Tenofovir Disoproxil Fumarate,Generic,300/300mg,Tablet - FDC,30,8250,37867.5,4.59,0.15,"Cipla, Kurkumbh, India",Yes,821,6695.9,44.57
75091,153-NA-T30,FPQ-8795,SCMS-131100,ASN-13763,Namibia,PMO - US,Direct Drop,EXW,Air,12/5/11,1/12/12,14-Feb-12,14-Feb-12,14-Feb-12,HRDT,HIV test,"Trinity Biotech, Plc","HIV 1/2, Uni-Gold HIV Kit, 20 Tests","HIV 1/2, Uni-Gold HIV Kit",Uni-Gold,,Test kit,20,728,23296.0,32.0,1.6,"Trinity Biotech, Plc",Yes,238,2789.67,32.66
28566,100-ZM-T30,FPQ-12180,SCMS-190740,ASN-20353,Zambia,PMO - US,Direct Drop,EXW,Air,5/14/13,5/22/13,23-Aug-13,23-Aug-13,23-Aug-13,HRDT,HIV test,"Orgenics, Ltd","HIV 1/2, Determine Complete HIV Kit, 100 Tests","HIV 1/2, Determine Complete HIV Kit",Determine,,Test kit,100,2730,218400.0,80.0,0.8,"Alere Medical Co., Ltd.",Yes,1184,17657.02,270.16
84786,114-UG-T30,FPQ-11143,SO-43961,DN-3001,Uganda,PMO - US,From RDC,N/A - From RDC,Air,12/13/12,N/A - From RDC,22-Feb-13,20-Feb-13,20-Feb-13,ARV,Adult,SCMS from RDC,"Tenofovir Disoproxil Fumarate 300mg, tablets, 30 Tabs",Tenofovir Disoproxil Fumarate,Generic,300mg,Tablet,30,240,969.6,4.04,0.13,Mylan (formerly Matrix) Nashik,No,See DN-3001 (ID#:83651),See DN-3001 (ID#:83651),1.2
85955,104-CI-T30,FPQ-10633,SO-43330,DN-3075,Côte d'Ivoire,PMO - US,From RDC,N/A - From RDC,Truck,9/11/12,N/A - From RDC,28-Mar-13,30-Mar-13,30-Mar-13,ARV,Adult,SCMS from RDC,"Lamivudine/Zidovudine 150/300mg, tablets, 60 Tabs",Lamivudine/Zidovudine,Generic,150/300mg,Tablet - FDC,60,43848,318774.96,7.27,0.12,"Cipla, Goa, India",No,See DN-3075 (ID#:83129),See DN-3075 (ID#:83129),446.92
28085,108-VN-T30,FPQ-8428,SCMS-123520,ASN-13475,Vietnam,PMO - US,Direct Drop,EXW,Air,9/21/11,10/4/11,1-Mar-12,1-Mar-12,1-Mar-12,ARV,Adult,Aurobindo Pharma Limited,"Abacavir 300mg, tablets, 60 Tabs",Abacavir,Generic,300mg,Tablet,60,388,5606.6,14.45,0.24,"Aurobindo Unit III, India",No,See ASN-13475 (ID#:15772),See ASN-13475 (ID#:15772),9.25
85454,111-MZ-T30,FPQ-13575,SO-47701,DN-3623,Mozambique,PMO - US,From RDC,N/A - From RDC,Truck,1/17/14,N/A - From RDC,31-Aug-14,3-Jun-14,11-Jun-14,ARV,Adult,SCMS from RDC,"Lamivudine/Tenofovir Disoproxil Fumarate 300/300mg, tablets, 30 Tabs",Lamivudine/Tenofovir Disoproxil Fumarate,Generic,300/300mg,Tablet - FDC,30,3456,16243.2,4.7,0.16,Hetero Unit III Hyderabad IN,Yes,358,3590,16.7
86433,114-UG-T30,FPQ-8522,SO-40930,DN-2489,Uganda,PMO - US,From RDC,N/A - From RDC,Truck,10/5/11,N/A - From RDC,16-Feb-12,3-Feb-12,3-Feb-12,ARV,Adult,SCMS from RDC,"Lamivudine/Zidovudine 150/300mg, tablets, 60 Tabs",Lamivudine/Zidovudine,Generic,150/300mg,Tablet - FDC,60,18528,153041.28,8.26,0.14,"Aurobindo Unit III, India",Yes,1713,15672.8,252.52
85945,151-NG-T30,FPQ-10477,SO-44560,DN-3029,Nigeria,PMO - US,From RDC,N/A - From RDC,Air Charter,8/9/12,N/A - From RDC,15-Mar-13,21-Feb-13,21-Feb-13,ARV,Adult,SCMS from RDC,"Lamivudine/Zidovudine 150/300mg, tablets, 60 Tabs",Lamivudine/Zidovudine,Generic,150/300mg,Tablet - FDC,60,50000,363500.0,7.27,0.12,Hetero Unit III Hyderabad IN,No,See DN-3029 (ID#:82556),See DN-3029 (ID#:82556),509.63
10239,110-ZM-T01,Pre-PQ Process,SCMS-37780,ASN-3698,Zambia,PMO - US,Direct Drop,EXW,Air,Pre-PQ Process,1/27/09,9-Apr-09,9-Apr-09,9-Apr-09,HRDT,HIV test,"Trinity Biotech, Plc","HIV 1/2, Uni-Gold HIV Kit, 20 Tests","HIV 1/2, Uni-Gold HIV Kit",Uni-Gold,,Test kit,20,8000,256000.0,32.0,1.6,"Trinity Biotech, Plc",Yes,2657,25513.66,501.76
84272,110-ZM-T30,FPQ-11032,SO-43830,DN-3203,Zambia,PMO - US,From RDC,N/A - From RDC,Truck,11/28/12,N/A - From RDC,18-Jul-13,23-Jul-13,23-Jul-13,ARV,Adult,SCMS from RDC,"Efavirenz/Emtricitabine/Tenofovir Disoproxil Fumarate 600/200/300mg, tablets, 30 Tabs",Efavirenz/Emtricitabine/Tenofovir Disoproxil Fumarate,Generic,600/200/300mg,Tablet - FDC,30,176213,2283720.48,12.96,0.43,Mylan (formerly Matrix) Nashik,Yes,19962,31401.08,2824.96
83771,110-ZM-T30,FPQ-12066,SO-45082,DN-3570,Zambia,PMO - US,From RDC,N/A - From RDC,Truck,4/19/13,N/A - From RDC,28-Feb-14,25-Mar-14,4-Apr-14,ARV,Adult,SCMS from RDC,"Efavirenz/Emtricitabine/Tenofovir Disoproxil Fumarate 600/200/300mg, tablets, 30 Tabs",Efavirenz/Emtricitabine/Tenofovir Disoproxil Fumarate,Generic,600/200/300mg,Tablet - FDC,30,25511,303325.79,11.89,0.4,"Cipla, Goa, India",Yes,3041,3526.69,375.21
9243,104-CI-T01,Pre-PQ Process,SCMS-29,ASN-114,Côte d'Ivoire,PMO - US,Direct Drop,EXW,Air,Pre-PQ Process,Date Not Captured,10-Oct-06,10-Oct-06,10-Oct-06,HRDT,HIV test,BIO-RAD LABORATORIES (FRANCE),"#108853** HIV, Genie II HIV-1/HIV-2 Kit, 40 Tests","HIV, Genie II HIV-1/HIV-2 Kit",Genie,,Test kit,40,733,55231.55,75.35,1.88,Bio-Rad Laboratories,Yes,783,7079.25,
12327,100-LB-T01,Pre-PQ Process,SO-33910,DN-1488,Lebanon,PMO - US,From RDC,N/A - From RDC,Air,Date Not Captured,N/A - From RDC,24-Nov-09,24-Nov-09,24-Nov-09,ARV,Adult,SCMS from RDC,"Nevirapine 200mg, tablets, 60 Tabs",Nevirapine,Generic,200mg,Tablet,60,200,2.0,0.01,0.0,Hetero Unit III Hyderabad IN,No,See DN-1488 (ID#:11074),See DN-1488 (ID#:11074),0.0
11877,132-NG-T01,Pre-PQ Process,SO-2708,DN-806,Nigeria,PMO - US,From RDC,N/A - From RDC,Air,Pre-PQ Process,N/A - From RDC,27-Jun-08,27-Jun-08,27-Jun-08,ARV,Adult,SCMS from RDC,"Efavirenz 600mg, tablets, 30 Tabs",Efavirenz,Generic,600mg,Tablet,30,25000,300250.0,12.01,0.4,"Aurobindo Unit III, India",Yes,2173,9906.63,480.4
29281,127-KE-T30,FPQ-8155,SCMS-119190,ASN-12470,Kenya,PMO - US,Direct Drop,EXW,Air,8/5/11,8/28/11,4-Nov-11,4-Nov-11,4-Nov-11,HRDT,HIV test,"Orgenics, Ltd","HIV 1/2, Determine Complete HIV Kit, 100 Tests","HIV 1/2, Determine Complete HIV Kit",Determine,,Test kit,100,8657,770473.0,89.0,0.89,"Alere Medical Co., Ltd.",Yes,4203,44128.81,1271.28
35323,104-CI-T30,FPQ-12150,SCMS-191960,ASN-22107,Côte d'Ivoire,PMO - US,Direct Drop,FCA,Air,4/29/13,6/12/13,17-Oct-13,17-Oct-13,28-Oct-13,ARV,Adult,ABBVIE LOGISTICS (FORMERLY ABBOTT LOGISTICS BV),"Ritonavir 100mg [Norvir], film coated tablets, 60 Tabs",Ritonavir,Norvir,100mg,Tablet,60,780,5343.0,6.85,0.11,ABBVIE Ludwigshafen Germany,Yes,102,1743.84,6.61
84644,114-UG-T30,FPQ-7395,SO-39140,DN-2201,Uganda,PMO - US,From RDC,N/A - From RDC,Truck,3/11/11,N/A - From RDC,6-Jun-11,1-Jun-11,1-Jun-11,ARV,Adult,SCMS from RDC,"Lamivudine/Tenofovir Disoproxil Fumarate 300/300mg, tablets, 30 Tabs",Lamivudine/Tenofovir Disoproxil Fumarate,Generic,300/300mg,Tablet - FDC,30,2559,22570.38,8.82,0.29,Mylan (formerly Matrix) Nashik,Yes,338,3397.95,37.24
44855,116-ZA-T30,FPQ-14942,SCMS-259073,ASN-30671,South Africa,PMO - US,Direct Drop,DDP,Truck,9/11/14,2/12/15,12-Feb-15,12-Feb-15,12-Feb-15,ARV,Adult,PHARMACY DIRECT,"Lamivudine 150mg, tablets, 60 Tabs",Lamivudine,Generic,150mg,Tablet,60,189,1248.67,6.61,0.11,"Aurobindo Unit III, India",No,Weight Captured Separately,Freight Included in Commodity Cost,1.28
2502,102-KE-T01,Pre-PQ Process,SCMS-42970,ASN-4098,Kenya,PMO - US,Direct Drop,EXW,Air,Pre-PQ Process,4/4/09,18-Jun-09,18-Jun-09,18-Jun-09,HRDT,HIV test,"Trinity Biotech, Plc","HIV 1/2, Uni-Gold HIV Kit, 20 Tests","HIV 1/2, Uni-Gold HIV Kit",Uni-Gold,,Test kit,20,5,160.0,32.0,1.6,"Trinity Biotech, Plc",Yes,2,12561.4,0.31
10779,123-NG-T01,Pre-PQ Process,SO-24481,DN-1296,Nigeria,PMO - US,From RDC,N/A - From RDC,Air Charter,Pre-PQ Process,N/A - From RDC,16-Jun-09,16-Jun-09,16-Jun-09,ARV,Adult,SCMS from RDC,"Efavirenz 600mg, tablets, 30 Tabs",Efavirenz,Generic,600mg,Tablet,30,30000,291600.0,9.72,0.32,"Aurobindo Unit III, India",Yes,3364,7329.83,571.54
86024,111-MZ-T30,FPQ-12416,SO-45894,DN-3439,Mozambique,PMO - US,From RDC,N/A - From RDC,Truck,6/28/13,N/A - From RDC,31-Jan-14,30-Jan-14,17-Feb-14,ARV,Adult,SCMS from RDC,"Efavirenz 600mg, tablets, 30 Tabs",Efavirenz,Generic,600mg,Tablet,30,50000,166500.0,3.33,0.11,"Cipla, Goa, India",No,See DN-3439 (ID#:85423),See DN-3439 (ID#:85423),205.96
11431,104-CI-T01,Pre-PQ Process,SO-631,DN-306,Côte d'Ivoire,PMO - US,From RDC,N/A - From RDC,,Pre-PQ Process,N/A - From RDC,17-Aug-07,17-Aug-07,17-Aug-07,ARV,Adult,SCMS from RDC,"Ritonavir 100mg [Norvir], capsules, cool, 4 x 84 Caps",Ritonavir,Norvir,100mg,Capsule,336,1025,39319.0,38.36,0.11,ABBVIE (Abbott) France,Yes,1436,5911.5,62.91
7093,102-BW-T01,Pre-PQ Process,SCMS-22710,ASN-1833,Botswana,PMO - US,Direct Drop,EXW,Air,Pre-PQ Process,4/28/08,3-Jul-08,3-Jul-08,3-Jul-08,HRDT,HIV test,"Trinity Biotech, Plc","HIV 1/2, Uni-Gold HIV Kit, 20 Tests","HIV 1/2, Uni-Gold HIV Kit",Uni-Gold,,Test kit,20,500,16000.0,32.0,1.6,"Trinity Biotech, Plc",Yes,500,2442.32,25.6
17003,111-MZ-T30,FPQ-13134,SCMS-215580,ASN-24545,Mozambique,PMO - US,Direct Drop,FCA,Air,11/12/13,11/26/13,7-Mar-14,7-Mar-14,15-Mar-14,ARV,Adult,ABBVIE LOGISTICS (FORMERLY ABBOTT LOGISTICS BV),"Ritonavir 100mg [Norvir], film coated tablets, 60 Tabs",Ritonavir,Norvir,100mg,Tablet,60,120,822.0,6.85,0.11,ABBVIE Ludwigshafen Germany,Yes,22,828.76,0.85
86577,151-NG-T30,FPQ-11022,SO-43840,DN-3197,Nigeria,PMO - US,From RDC,N/A - From RDC,Air Charter,11/15/12,N/A - From RDC,31-May-13,28-May-13,28-May-13,ARV,Adult,SCMS from RDC,"Lopinavir/Ritonavir 200/50mg, tablets, 120 Tabs",Lopinavir/Ritonavir,Generic,200/50mg,Tablet,120,19000,413820.0,21.78,0.18,Hetero Unit III Hyderabad IN,No,See DN-3197 (ID#:84271),See DN-3197 (ID#:84271),511.9
2257,102-GY-T01,Pre-PQ Process,SCMS-36540,ASN-3166,Guyana,PMO - US,Direct Drop,EXW,Air,Pre-PQ Process,12/23/08,25-Feb-09,27-Jan-09,27-Jan-09,HRDT,HIV test,"CHEMBIO DIAGNOSTIC SYSTEMS, INC.","HIV 1/2, Stat-Pak HIV, Kit, 20 Tests","HIV 1/2, Stat-Pak HIV, Kit",Stat-Pak,,Test kit,20,100,2700.0,27.0,1.35,Chembio Diagnostics Sys. Inc.,Yes,28,692.38,5.29
14447,116-ZA-T30,FPQ-7176,SCMS-104380,ASN-11802,South Africa,PMO - US,Direct Drop,DDP,Ocean,3/10/11,4/1/11,3-Nov-11,10-Oct-11,10-Oct-11,ARV,Adult,Aurobindo Pharma Limited,"Efavirenz 600mg, tablets, 30 Tabs",Efavirenz,Generic,600mg,Tablet,30,5745,25909.95,4.51,0.15,"Aurobindo Unit III, India",Yes,488,4232.71,42.75
9673,108-VN-T01,Pre-PQ Process,SCMS-20520,ASN-1794,Vietnam,PMO - US,Direct Drop,EXW,Air,Pre-PQ Process,3/31/08,2-Jun-08,2-Jun-08,2-Jun-08,ARV,Pediatric,Aurobindo Pharma Limited,"Zidovudine 100mg, capsules, 100 Caps",Zidovudine,Generic,100mg,Capsule,100,1400,7686.0,5.49,0.05,"Aurobindo Unit III, India",Yes,106,2869.03,12.3
74930,110-ZM-T30,FPQ-4141,SCMS-53261,ASN-5854,Zambia,PMO - US,Direct Drop,EXW,Air,8/31/09,9/11/09,28-Jan-10,28-Jan-10,28-Jan-10,HRDT,HIV test,"Orgenics, Ltd","HIV 1/2, Determine Complete HIV Kit, 100 Tests","HIV 1/2, Determine Complete HIV Kit",Determine,,Test kit,100,2898,208656.0,72.0,0.72,Inverness Japan,Yes,1409,21714.68,408.97
40841,116-ZA-T30,FPQ-12522,SCMS-199283,ASN-27976,South Africa,PMO - US,Direct Drop,DDP,Truck,7/11/13,8/27/14,27-Aug-14,27-Aug-14,27-Aug-14,ARV,Adult,S. BUYS WHOLESALER,"Tenofovir Disoproxil Fumarate 300mg, tablets, 30 Tabs",Tenofovir Disoproxil Fumarate,Generic,300mg,Tablet,30,273,6169.93,22.6,0.75,"Aurobindo Unit III, India",No,Weight Captured Separately,Freight Included in Commodity Cost,7.63
84332,109-TZ-T30,FPQ-12587,SO-45999,DN-3531,Tanzania,PMO - US,From RDC,N/A - From RDC,Truck,7/4/13,N/A - From RDC,31-Jan-14,19-Feb-14,24-Feb-14,ARV,Adult,SCMS from RDC,"Abacavir 300mg, tablets, 60 Tabs",Abacavir,Generic,300mg,Tablet,60,11022,125209.92,11.36,0.19,"Aurobindo Unit III, India",No,See DN-3531 (ID#:83761),See DN-3531 (ID#:83761),154.88
86394,111-MZ-T30,FPQ-7053,SO-39830,DN-2264,Mozambique,PMO - US,From RDC,N/A - From RDC,Truck,1/24/11,N/A - From RDC,31-Aug-11,1-Sep-11,1-Sep-11,ARV,Pediatric,SCMS from RDC,"Zidovudine 10mg/ml, oral solution w/syringe, Bottle, 240 ml",Zidovudine,Generic,10mg/ml,Oral solution,240,6250,12625.0,2.02,0.01,"Aurobindo Unit III, India",Yes,2409,3525.03,20.83
10743,111-MZ-T01,Pre-PQ Process,SO-13990,DN-904,Mozambique,PMO - US,From RDC,N/A - From RDC,Truck,Pre-PQ Process,N/A - From RDC,10-Oct-08,10-Oct-08,10-Oct-08,ARV,Adult,SCMS from RDC,"Nevirapine 200mg, tablets, 60 Tabs",Nevirapine,Generic,200mg,Tablet,60,12040,38528.0,3.2,0.05,Hetero Unit III Hyderabad IN,Yes,677,1522.92,61.64
21666,108-VN-T30,FPQ-16194,SCMS-285450,ASN-33290,Vietnam,PMO - US,Direct Drop,EXW,Air,4/14/15,5/11/15,7-Sep-15,7-Sep-15,7-Sep-15,ARV,Adult,Aurobindo Pharma Limited,"Efavirenz 600mg, tablets, 30 Tabs",Efavirenz,Generic,600mg,Tablet,30,5000,16500.0,3.3,0.11,"Aurobindo Unit III, India",Yes,Weight Captured Separately,Invoiced Separately,19.42
81653,116-ZA-T30,FPQ-12522,SCMS-199280,ASN-24433,South Africa,PMO - US,Direct Drop,DDP,Truck,7/11/13,8/13/13,7-Feb-14,7-Feb-14,7-Feb-14,ARV,Adult,S. BUYS WHOLESALER,"Lopinavir/Ritonavir 200/50mg [Aluvia], tablets, 120 Tabs",Lopinavir/Ritonavir,Aluvia,200/50mg,Tablet,120,57,1468.3,25.76,0.21,ABBVIE Ludwigshafen Germany,No,Weight Captured Separately,Freight Included in Commodity Cost,1.82
80072,108-VN-T30,FPQ-11417,SCMS-174360,ASN-19383,Vietnam,PMO - US,Direct Drop,EXW,Air,1/10/13,1/22/13,28-May-13,28-May-13,28-May-13,ARV,Adult,MICRO LABS LIMITED,"Lamivudine 150mg, tablets, 60 Tabs",Lamivudine,Generic,150mg,Tablet,60,34900,63169.0,1.81,0.03,"Micro labs, Verna, Goa, India",Yes,1588,11413.52,78.14
61306,110-ZM-T30,FPQ-7439,SCMS-106730,ASN-11219,Zambia,PMO - US,Direct Drop,EXW,Air,4/1/11,4/20/11,19-Jul-11,19-Jul-11,19-Jul-11,HRDT,HIV test,"Trinity Biotech, Plc","HIV 1/2, Uni-Gold HIV Kit, 20 Tests","HIV 1/2, Uni-Gold HIV Kit",Uni-Gold,,Test kit,20,3500,112000.0,32.0,1.6,"Trinity Biotech, Plc",Yes,1224,15670.6,184.8
83430,105-GY-T30,FPQ-5599,SO-36700,DN-1838,Guyana,PMO - US,From RDC,N/A - From RDC,Air,4/28/10,N/A - From RDC,7-Jun-10,27-May-10,27-May-10,ARV,Adult,SCMS from RDC,"Lamivudine 150mg, tablets, 60 Tabs",Lamivudine,Generic,150mg,Tablet,60,126,307.44,2.44,0.04,"Strides, Bangalore, India.",No,See DN-1838 (ID#:82887),See DN-1838 (ID#:82887),0.66
12850,104-CI-T01,Pre-PQ Process,SO-21880,DN-1152,Côte d'Ivoire,PMO - US,From RDC,N/A - From RDC,Air,Pre-PQ Process,N/A - From RDC,30-Apr-09,30-Apr-09,30-Apr-09,ARV,Adult,SCMS from RDC,"Nevirapine 200mg, tablets, 60 Tabs",Nevirapine,Generic,200mg,Tablet,60,9599,28797.0,3.0,0.05,"Aurobindo Unit III, India",No,See DN-1152 (ID#:11010),See DN-1152 (ID#:11010),56.44
85511,101-CD-T30,FPQ-14252,SO-48850,DN-3843,"Congo, DRC",PMO - US,From RDC,N/A - From RDC,Air,5/7/14,N/A - From RDC,13-Aug-14,24-Sep-14,6-Nov-14,ARV,Pediatric,SCMS from RDC,"Lamivudine/Zidovudine 30/60mg, tablets, 60 Tabs",Lamivudine/Zidovudine,Generic,30/60mg,Tablet - FDC,60,900,1791.0,1.99,0.03,Mylan (formerly Matrix) Nashik,No,See DN-3843 (ID#:82707),See DN-3843 (ID#:82707),1.84
11577,110-ZM-T01,Pre-PQ Process,SO-2486,DN-912,Zambia,PMO - US,From RDC,N/A - From RDC,Truck,Pre-PQ Process,N/A - From RDC,23-Sep-08,23-Sep-08,23-Sep-08,ARV,Adult,SCMS from RDC,"Lamivudine/Zidovudine 150/300mg, tablets, 60 Tabs",Lamivudine/Zidovudine,Generic,150/300mg,Tablet - FDC,60,26402,249498.9,9.45,0.16,"Aurobindo Unit III, India",Yes,6986,6269.7,399.2
8462,108-VN-T01,Pre-PQ Process,SCMS-23450,ASN-2336,Vietnam,PMO - US,Direct Drop,EXW,Air,Pre-PQ Process,5/14/08,19-Sep-08,19-Sep-08,19-Sep-08,ARV,Adult,MYLAN LABORATORIES LTD (FORMERLY MATRIX LABORATORIES),"Lamivudine 150mg, tablets, 60 Tabs",Lamivudine,Generic,150mg,Tablet,60,14364,37346.4,2.6,0.04,Mylan (formerly Matrix) Nashik,No,See ASN-2336 (ID#:530),See ASN-2336 (ID#:530),59.75
83413,114-UG-T30,FPQ-5014,SO-35960,DN-1756,Uganda,PMO - US,From RDC,N/A - From RDC,Truck,1/29/10,N/A - From RDC,1-Apr-10,25-Mar-10,25-Mar-10,ARV,Adult,SCMS from RDC,"Lamivudine/Nevirapine/Zidovudine 150/200/300mg, tablets, 60 Tabs",Lamivudine/Nevirapine/Zidovudine,Generic,150/300/200mg,Tablet - FDC,60,9000,100980.0,11.22,0.19,"Aurobindo Unit III, India",Yes,1055,2961,217.71
36773,116-ZA-T30,FPQ-13214,SCMS-215410,ASN-23875,South Africa,PMO - US,Direct Drop,DDP,Truck,11/14/13,12/2/13,13-Jan-14,13-Jan-14,13-Jan-14,ARV,Pediatric,S. BUYS WHOLESALER,"Efavirenz 200mg, capsule, 90 Caps",Efavirenz,Generic,200mg,Capsule,90,12,264.95,22.08,0.25,"Aurobindo Unit III, India",No,Weight Captured Separately,Freight Included in Commodity Cost,0.27
62194,108-VN-T30,FPQ-15040,SCMS-263670,ASN-30942,Vietnam,PMO - US,Direct Drop,EXW,Air,10/30/14,12/8/14,14-Apr-15,14-Apr-15,14-Apr-15,ARV,Adult,HETERO LABS LIMITED,"Efavirenz 600mg, tablets, 30 Tabs",Efavirenz,Generic,600mg,Tablet,30,12200,42700.0,3.5,0.12,Hetero Unit III Hyderabad IN,No,See ASN-30942 (ID#:19840),See ASN-30942 (ID#:19840),43.9
82627,109-TZ-T30,FPQ-12587,SO-45998,DN-3505,Tanzania,PMO - US,From RDC,N/A - From RDC,Truck,7/4/13,N/A - From RDC,31-Jan-14,19-Feb-14,24-Feb-14,ARV,Adult,SCMS from RDC,"Lopinavir/Ritonavir 200/50mg [Aluvia], tablets, 120 Tabs",Lopinavir/Ritonavir,Aluvia,200/50mg,Tablet,120,909,17743.68,19.52,0.16,ABBVIE Ludwigshafen Germany,Yes,8820,3541.59,21.95
86047,104-CI-T30,FPQ-12144,SO-45631,DN-3547,Côte d'Ivoire,PMO - US,From RDC,N/A - From RDC,Truck,4/22/13,N/A - From RDC,28-Feb-14,18-Jan-14,4-Mar-14,ARV,Adult,SCMS from RDC,"Lamivudine/Tenofovir Disoproxil Fumarate 300/300mg, tablets, 30 Tabs",Lamivudine/Tenofovir Disoproxil Fumarate,Generic,300/300mg,Tablet - FDC,30,5173,24313.1,4.7,0.16,"Cipla, Kurkumbh, India",No,See DN-3547 (ID#:83763),See DN-3547 (ID#:83763),30.08
85977,901-CM-T30,FPQ-12520,SO-45820,DN-3227,Cameroon,PMO - US,From RDC,N/A - From RDC,Air Charter,6/21/13,N/A - From RDC,22-Jul-13,31-Jul-13,31-Jul-13,ARV,Adult,SCMS from RDC,"Efavirenz/Lamivudine/Tenofovir Disoproxil Fumarate 600/300/300mg, tablets, 30 Tabs",Efavirenz/Lamivudine/Tenofovir Disoproxil Fumarate,Generic,600/300/300mg,Tablet - FDC,30,45000,473400.0,10.52,0.35,Hetero Unit III Hyderabad IN,No,See DN-3227 (ID#:82589),See DN-3227 (ID#:82589),585.6
83088,900-CM-T30,FPQ-10641,SO-43381,DN-2898,Cameroon,PMO - US,From RDC,N/A - From RDC,Air Charter,9/19/12,N/A - From RDC,7-Nov-12,17-Oct-12,17-Oct-12,ARV,Adult,SCMS from RDC,"Efavirenz/Lamivudine/Tenofovir Disoproxil Fumarate 600/300/300mg, tablets, 30 Tabs",Efavirenz/Lamivudine/Tenofovir Disoproxil Fumarate,Generic,600/300/300mg,Tablet - FDC,30,20000,265400.0,13.27,0.44,Mylan (formerly Matrix) Nashik,Yes,3943,67732.55,372.09
19958,103-KE-T30,FPQ-10018,SCMS-149610,ASN-15368,Kenya,PMO - US,Direct Drop,EXW,Air,6/5/12,6/14/12,9-Jul-12,9-Jul-12,9-Jul-12,HRDT,HIV test,"Orgenics, Ltd","HIV 1/2, Determine Complete HIV Kit, 100 Tests","HIV 1/2, Determine Complete HIV Kit",Determine,,Test kit,100,1,89.0,89.0,0.89,"Alere Medical Co., Ltd.",Yes,985,11034.01,0.12
13148,103-DO-T30,FPQ-14469,SCMS-244720,ASN-26962,Dominican Republic,PMO - US,Direct Drop,DDP,Air,6/13/14,6/23/14,14-Jan-14,14-Jan-14,7-Feb-14,ARV,Pediatric,"ABBVIE, SRL (FORMALLY ABBOTT LABORATORIES INTERNATIONAL CO.)","Lopinavir/Ritonavir 80/20mg/ml [Kaletra], oral solution, cool, Bottle, 160 ml",Lopinavir/Ritonavir,Kaletra,80/20mg/ml,Oral solution,160,4570,148250.8,32.44,0.2,ABBVIE Labs North Chicago US,Yes,Weight Captured Separately,Freight Included in Commodity Cost,152.4
85689,151-NG-T30,FPQ-5023,SO-36421,DN-1931,Nigeria,PMO - US,From RDC,N/A - From RDC,Air,2/10/10,N/A - From RDC,15-Jul-10,28-Jun-10,28-Jun-10,ARV,Adult,SCMS from RDC,"Efavirenz/Emtricitabine/Tenofovir Disoproxil Fumarate 600/200/300mg, tablets, 30 Tabs",Efavirenz/Emtricitabine/Tenofovir Disoproxil Fumarate,Generic,600/200/300mg,Tablet - FDC,30,35000,697200.0,19.92,0.66,Mylan (formerly Matrix) Nashik,Yes,3869,Freight Included in Commodity Cost,1503.16
12853,123-NG-T01,Pre-PQ Process,SO-11230,DN-883,Nigeria,PMO - US,From RDC,N/A - From RDC,Air,Pre-PQ Process,N/A - From RDC,24-Aug-08,24-Aug-08,24-Aug-08,ARV,Adult,SCMS from RDC,"Emtricitabine/Tenofovir Disoproxil Fumarate 200/300mg [Truvada], tablets, 30 Tabs",Emtricitabine/Tenofovir Disoproxil Fumarate,Truvada,300/200mg,Tablet - FDC,30,12696,333270.0,26.25,0.88,"Aspen-OSD, Port Elizabeth, SA",Yes,1114,7641.1,533.23
73867,105-SS-T30,FPQ-15569,SCMS-272140,ASN-31129,South Sudan,PMO - US,Direct Drop,EXW,Air,12/29/14,2/20/15,8-May-15,8-May-15,11-May-15,HRDT,HIV test,"Trinity Biotech, Plc","HIV 1/2, Uni-Gold HIV Kit, 20 Tests","HIV 1/2, Uni-Gold HIV Kit",Uni-Gold,,Test kit,20,25,800.0,32.0,1.6,"Trinity Biotech, Plc",No,See ASN-31129 (ID#:40205),See ASN-31129 (ID#:40205),0.94
10476,108-VN-T01,Pre-PQ Process,SCMS-46570,ASN-4710,Vietnam,PMO - US,Direct Drop,CIP,Air,Pre-PQ Process,5/27/09,24-Aug-09,24-Aug-09,24-Aug-09,ARV,Pediatric,BRISTOL-MYERS SQUIBB,"Didanosine 25mg [Videx], chewable tablets, 60 Tabs",Didanosine,Videx,25mg,Chewable/dispersible tablet,60,480,3360.0,7.0,0.12,"BMS Meymac, France",Yes,Weight Captured Separately,Freight Included in Commodity Cost,6.59
82772,107-RW-T30,FPQ-14811,SO-49950,DN-4085,Rwanda,PMO - US,From RDC,N/A - From RDC,Truck,10/15/14,N/A - From RDC,30-Jan-15,9-Feb-15,20-Feb-15,ARV,Pediatric,SCMS from RDC,"Efavirenz 200mg, scored tablets, 90 Tabs",Efavirenz,Generic,200mg,Tablet,90,868,8072.4,9.3,0.1,"Strides, Bangalore, India.",Yes,173,2124.48,8.3
962,108-VN-T01,Pre-PQ Process,SCMS-37180,ASN-3521,Vietnam,PMO - US,Direct Drop,EXW,Air,Pre-PQ Process,1/16/09,23-Mar-09,23-Mar-09,23-Mar-09,ARV,Adult,CIPLA LIMITED,"Lamivudine/Nevirapine/Stavudine 150/200/30mg, tablets, 60 Tabs",Lamivudine/Nevirapine/Stavudine,Generic,150/200/30mg,Tablet - FDC,60,10560,72864.0,6.9,0.12,"Cipla, Goa, India",Yes,924,4225.93,142.81
82952,151-NG-T30,FPQ-7217,SO-39580,DN-2213,Nigeria,PMO - US,From RDC,N/A - From RDC,Air Charter,2/21/11,N/A - From RDC,15-Jun-11,6-Jul-11,6-Jul-11,ARV,Adult,SCMS from RDC,"Lamivudine/Zidovudine 150/300mg, tablets, 60 Tabs",Lamivudine/Zidovudine,Generic,150/300mg,Tablet - FDC,60,12609,104150.34,8.26,0.14,Hetero Unit III Hyderabad IN,Yes,4114,13398.06,171.85
84535,104-CI-T30,FPQ-4378,SO-34451,DN-1670,Côte d'Ivoire,PMO - US,From RDC,N/A - From RDC,Air,10/15/09,N/A - From RDC,16-Mar-10,10-Mar-10,10-Mar-10,ARV,Pediatric,SCMS from RDC,"Lamivudine 10mg/ml, oral solution, Bottle, 240 ml",Lamivudine,Generic,10mg/ml,Oral solution,240,2345,4455.5,1.9,0.01,"Cipla, Goa, India",No,See DN-1670 (ID#:82862),See DN-1670 (ID#:82862),8.73
83775,106-HT-T30,FPQ-13608,SO-47690,DN-3586,Haiti,PMO - US,From RDC,N/A - From RDC,Air,1/22/14,N/A - From RDC,30-Mar-14,24-Mar-14,6-May-14,ARV,Adult,SCMS from RDC,"Lopinavir/Ritonavir 200/50mg, tablets, 120 Tabs",Lopinavir/Ritonavir,Generic,200/50mg,Tablet,120,2000,40960.0,20.48,0.17,Mylan (formerly Matrix) Nashik,No,See DN-3586 (ID#:83224),See DN-3586 (ID#:83224),42.11
44045,114-UG-T30,FPQ-3891,SCMS-52580,ASN-5101,Uganda,PMO - US,Direct Drop,EXW,Air,7/22/09,9/14/09,11-Nov-09,11-Nov-09,11-Nov-09,ARV,Pediatric,EMCURE PHARMACEUTICALS LTD,"Atazanavir 150mg, capsules, 60 Caps",Atazanavir,Generic,150mg,Capsule,60,46,1200.14,26.09,0.43,"Emcure Plot No.P-2, I.T-B.T. Park, Phase II, MIDC, Hinjwadi, Pune, India",Yes,3,986.79,2.35
84589,102-UG-T30,FPQ-6202,SO-37260,DN-1998,Uganda,PMO - US,From RDC,N/A - From RDC,Air,8/6/10,N/A - From RDC,30-Sep-10,23-Aug-10,23-Aug-10,ARV,Adult,SCMS from RDC,"Efavirenz 600mg, tablets, 30 Tabs",Efavirenz,Generic,600mg,Tablet,30,71991,320359.95,4.45,0.15,"Strides, Bangalore, India.",Yes,7187,16285.97,690.7
84692,101-CD-T30,FPQ-8840,SO-41132,DN-2494,"Congo, DRC",PMO - US,From RDC,N/A - From RDC,Air,11/21/11,N/A - From RDC,16-Mar-12,14-Feb-12,14-Feb-12,ARV,Adult,SCMS from RDC,"Lamivudine/Nevirapine/Zidovudine 150/200/300mg, tablets, 60 Tabs",Lamivudine/Nevirapine/Zidovudine,Generic,150/300/200mg,Tablet - FDC,60,226,2486.0,11.0,0.18,Mylan (formerly Matrix) Nashik,No,See DN-2494 (ID#:82433),See DN-2494 (ID#:82433),3.49
86582,901-CM-T30,FPQ-12520,SO-45820,DN-3227,Cameroon,PMO - US,From RDC,N/A - From RDC,Air Charter,6/21/13,N/A - From RDC,22-Jul-13,31-Jul-13,31-Jul-13,ARV,Adult,SCMS from RDC,"Efavirenz 600mg, tablets, 30 Tabs",Efavirenz,Generic,600mg,Tablet,30,33000,109890.0,3.33,0.11,"Strides, Bangalore, India.",No,See DN-3227 (ID#:82589),See DN-3227 (ID#:82589),135.93
82989,104-CI-T30,FPQ-8295,SO-40750,DN-2420,Côte d'Ivoire,PMO - US,From RDC,N/A - From RDC,Truck,8/25/11,N/A - From RDC,9-Dec-11,19-Nov-11,19-Nov-11,ARV,Adult,SCMS from RDC,"Efavirenz/Emtricitabine/Tenofovir Disoproxil Fumarate 600/200/300mg, tablets, 30 Tabs",Efavirenz/Emtricitabine/Tenofovir Disoproxil Fumarate,Generic,600/200/300mg,Tablet - FDC,30,6678,133025.76,19.92,0.66,Mylan (formerly Matrix) Nashik,Yes,2244,3296.34,219.49
26612,108-VN-T30,FPQ-13524,SCMS-226260,ASN-26927,Vietnam,PMO - US,Direct Drop,EXW,Air,2/6/14,3/10/14,13-Aug-14,13-Aug-14,25-Aug-14,ARV,Adult,HETERO LABS LIMITED,"Lamivudine 150mg, tablets, 60 Tabs",Lamivudine,Generic,150mg,Tablet,60,18600,34410.0,1.85,0.03,Hetero Unit III Hyderabad IN,Yes,2175,4354.8,35.37
12825,130-NG-T01,Pre-PQ Process,SO-10550,DN-889,Nigeria,PMO - US,From RDC,N/A - From RDC,Air,Pre-PQ Process,N/A - From RDC,16-Sep-08,16-Sep-08,16-Sep-08,ARV,Adult,SCMS from RDC,"Lamivudine/Stavudine 150/30mg, tablets, 60 Tabs",Lamivudine/Stavudine,Generic,150/30mg,Tablet - FDC,60,784,3057.6,3.9,0.06,Mylan (formerly Matrix) Nashik,Yes,58,1102.98,4.89
78789,117-ET-T30,FPQ-7802,SCMS-110050,ASN-11253,Ethiopia,PMO - US,Direct Drop,EXW,Air,5/23/11,5/26/11,1-Jul-11,1-Jul-11,1-Jul-11,ARV,Adult,MYLAN LABORATORIES LTD (FORMERLY MATRIX LABORATORIES),"Lamivudine/Tenofovir Disoproxil Fumarate 300/300mg, tablets, 30 Tabs",Lamivudine/Tenofovir Disoproxil Fumarate,Generic,300/300mg,Tablet - FDC,30,100000,624000.0,6.24,0.21,Mylan (formerly Matrix) Nashik,Yes,9565,60713.12,1029.6
85530,114-UG-T30,FPQ-14396,SO-48960,DN-3936,Uganda,PMO - US,From RDC,N/A - From RDC,Air,6/4/14,N/A - From RDC,30-Sep-14,1-Oct-14,21-Oct-14,ARV,Adult,SCMS from RDC,"Abacavir/Lamivudine 600/300mg, tablets, 30 Tabs",Abacavir/Lamivudine,Generic,600/300mg,Tablet - FDC,30,3273,44250.96,13.52,0.45,"Cipla, Patalganga, India",Yes,389,2786.61,45.49
84570,114-UG-T30,FPQ-5451,SO-36832,DN-1860,Uganda,PMO - US,From RDC,N/A - From RDC,Air,5/7/10,N/A - From RDC,30-Jun-10,22-Jun-10,22-Jun-10,ARV,Adult,SCMS from RDC,"Efavirenz 600mg, tablets, 30 Tabs",Efavirenz,Generic,600mg,Tablet,30,17550,83362.5,4.75,0.16,Mylan (formerly Matrix) Nashik,Yes,1325,4600.45,179.73
82572,114-UG-T30,FPQ-10945,SO-43620,DN-3128,Uganda,PMO - US,From RDC,N/A - From RDC,Air,11/6/12,N/A - From RDC,9-May-13,7-May-13,7-May-13,ARV,Adult,SCMS from RDC,"Efavirenz/Lamivudine/Tenofovir Disoproxil Fumarate 600/300/300mg, tablets, 30 Tabs",Efavirenz/Lamivudine/Tenofovir Disoproxil Fumarate,Generic,600/300/300mg,Tablet - FDC,30,229285,2412078.2,10.52,0.35,Hetero Unit III Hyderabad IN,Yes,29934,34003.7,2983.74
11277,104-CI-T01,Pre-PQ Process,SO-11851,DN-1007,Côte d'Ivoire,PMO - US,From RDC,N/A - From RDC,Air,Pre-PQ Process,N/A - From RDC,21-Nov-08,21-Nov-08,21-Nov-08,ARV,Adult,SCMS from RDC,"Efavirenz 600mg, tablets, 30 Tabs",Efavirenz,Generic,600mg,Tablet,30,2410,28245.2,11.72,0.39,Mylan (formerly Matrix) Nashik,Yes,182,1409.26,55.36
53675,161-ZA-T30,FPQ-7175,SCMS-103810,ASN-12497,South Africa,PMO - US,Direct Drop,DDP,Ocean,3/10/11,3/28/11,7-Dec-11,7-Dec-11,7-Dec-11,ARV,Pediatric,CIPLA LIMITED,"Lamivudine 10mg/ml, oral solution, Bottle, 240 ml",Lamivudine,Generic,10mg/ml,Oral solution,240,9960,20517.6,2.06,0.01,"Cipla, Goa, India",Yes,3670,9021.5,33.85
41694,106-HT-T30,FPQ-13494,SCMS-225414,ASN-30328,Haiti,PMO - US,Direct Drop,EXW,Air,1/21/14,2/19/14,26-Feb-15,26-Feb-15,27-Feb-15,HRDT,HIV test,"Orgenics, Ltd","HIV 1/2, Determine Complete HIV Kit, 100 Tests","HIV 1/2, Determine Complete HIV Kit",Determine,,Test kit,100,4500,450000.0,100.0,1.0,"Alere Medical Co., Ltd.",Yes,1825,15408.29,462.6
66420,110-ZM-T30,FPQ-4691,SCMS-60711,ASN-6615,Zambia,PMO - US,Direct Drop,EXW,Air,12/16/09,12/22/09,3-May-10,26-Apr-10,26-Apr-10,HRDT,HIV test,"Orgenics, Ltd","HIV 1/2, Determine Complete HIV Kit, 100 Tests","HIV 1/2, Determine Complete HIV Kit",Determine,,Test kit,100,1993,143496.0,72.0,0.72,Inverness Japan,Yes,967,14582.14,309.38
12020,117-ET-T01,Pre-PQ Process,SO-35210,DN-1588,Ethiopia,PMO - US,From RDC,N/A - From RDC,Air,Date Not Captured,N/A - From RDC,8-Dec-09,8-Dec-09,8-Dec-09,ARV,Adult,SCMS from RDC,"Nevirapine 200mg, tablets, 60 Tabs",Nevirapine,Generic,200mg,Tablet,60,20000,58000.0,2.9,0.05,"Cipla, Goa, India",Yes,2190,7573.92,125.05
85899,107-RW-T30,FPQ-10015,SO-42480,DN-2848,Rwanda,PMO - US,From RDC,N/A - From RDC,Air,6/4/12,N/A - From RDC,28-Sep-12,13-Sep-12,13-Sep-12,ARV,Adult,SCMS from RDC,"Nevirapine 200mg, tablets, 60 Tabs",Nevirapine,Generic,200mg,Tablet,60,10078,24590.32,2.44,0.04,"Strides, Bangalore, India.",No,See DN-2848 (ID#:83078),See DN-2848 (ID#:83078),34.48
83567,101-CD-T30,FPQ-8840,SO-41381,DN-2523,"Congo, DRC",PMO - US,From RDC,N/A - From RDC,Air,11/21/11,N/A - From RDC,22-Mar-12,22-Mar-12,22-Mar-12,ARV,Adult,SCMS from RDC,"Lamivudine 150mg, tablets, 60 Tabs",Lamivudine,Generic,150mg,Tablet,60,67,156.11,2.33,0.04,Hetero Unit III Hyderabad IN,Yes,4,491.42,0.22
29932,161-ZA-T30,FPQ-6262,SCMS-83790,ASN-9181,South Africa,PMO - US,Direct Drop,DDP,Ocean,8/31/10,9/24/10,31-Jan-11,31-Jan-11,31-Jan-11,ARV,Adult,Aurobindo Pharma Limited,"Lamivudine 150mg, tablets, 60 Tabs",Lamivudine,Generic,150mg,Tablet,60,238627,565545.99,2.37,0.04,"Aurobindo Unit III, India",Yes,12045,17266.59,1219.32
86599,111-MZ-T30,FPQ-12416,SO-45891,DN-3303,Mozambique,PMO - US,From RDC,N/A - From RDC,Truck,6/28/13,N/A - From RDC,29-Nov-13,12-Oct-13,27-Nov-13,ARV,Adult,SCMS from RDC,"Tenofovir Disoproxil Fumarate 300mg, tablets, 30 Tabs",Tenofovir Disoproxil Fumarate,Generic,300mg,Tablet,30,720,2908.8,4.04,0.13,Mylan (formerly Matrix) Nashik,Yes,52,504.5,3.6
83377,104-CI-T30,FPQ-3964,SO-34510,DN-1514,Côte d'Ivoire,PMO - US,From RDC,N/A - From RDC,Air,7/24/09,N/A - From RDC,26-Nov-09,13-Nov-09,13-Nov-09,ARV,Adult,SCMS from RDC,"Lamivudine/Nevirapine/Zidovudine 150/200/300mg, tablets, 60 Tabs",Lamivudine/Nevirapine/Zidovudine,Generic,150/300/200mg,Tablet - FDC,60,42750,485212.5,11.35,0.19,"Aurobindo Unit III, India",Yes,4814,7100.04,951.02
85103,114-UG-T30,FPQ-5239,SO-36110,DN-1772,Uganda,PMO - US,From RDC,N/A - From RDC,Air,3/2/10,N/A - From RDC,2-Jun-10,22-Apr-10,22-Apr-10,ARV,Adult,SCMS from RDC,"Lamivudine/Zidovudine 150/300mg, tablets, 60 Tabs",Lamivudine/Zidovudine,Generic,150/300mg,Tablet - FDC,60,1600,14016.0,8.76,0.15,Hetero Unit III Hyderabad IN,Yes,13,1758.6,30.22
85668,151-NG-T30,FPQ-4537,SO-34893,DN-1703,Nigeria,PMO - US,From RDC,N/A - From RDC,Air Charter,11/6/09,N/A - From RDC,19-Apr-10,31-Mar-10,31-Mar-10,ARV,Adult,SCMS from RDC,"Nevirapine 200mg, tablets, 60 Tabs",Nevirapine,Generic,200mg,Tablet,60,19701,53783.73,2.73,0.05,Hetero Unit III Hyderabad IN,Yes,1150,Freight Included in Commodity Cost,115.96
84368,104-CI-T30,FPQ-13142,SO-47155,DN-3708,Côte d'Ivoire,PMO - US,From RDC,N/A - From RDC,Truck,10/22/13,N/A - From RDC,4-Jun-14,3-Jun-14,11-Jun-14,ARV,Pediatric,SCMS from RDC,"Zidovudine 10mg/ml, oral solution w/syringe, Bottle, 240 ml",Zidovudine,Generic,10mg/ml,Oral solution,240,6738,14149.8,2.1,0.01,"Aurobindo Unit III, India",Yes,2720,32022.51,14.55
21279,101-CD-T30,FPQ-11103,SCMS-170580,ASN-18701,"Congo, DRC",PMO - US,Direct Drop,EXW,Air,12/7/12,1/3/13,11-Jul-13,11-Jul-13,11-Jul-13,ARV,Pediatric,Aurobindo Pharma Limited,"Nevirapine 50mg, dispersible tablets (tablets for oral suspension), 30 Tabs",Nevirapine,Generic,50mg,Chewable/dispersible tablet,30,984,1230.0,1.25,0.04,"Aurobindo Unit III, India",Yes,53,938.05,1.52
84795,104-CI-T30,FPQ-10633,SO-43340,DN-3046,Côte d'Ivoire,PMO - US,From RDC,N/A - From RDC,Truck,9/11/12,N/A - From RDC,30-Apr-13,8-Mar-13,8-Mar-13,ARV,Adult,SCMS from RDC,"Tenofovir Disoproxil Fumarate 300mg, tablets, 30 Tabs",Tenofovir Disoproxil Fumarate,Generic,300mg,Tablet,30,4500,18180.0,4.04,0.13,Mylan (formerly Matrix) Nashik,No,See DN-3046 (ID#:83119),See DN-3046 (ID#:83119),25.49
51608,103-CM-T30,FPQ-16474,SCMS-291900,ASN-33189,Cameroon,PMO - US,Direct Drop,EXW,Air,6/9/15,6/25/15,23-Jul-15,23-Jul-15,27-Jul-15,HRDT,HIV test,Orasure Technologies Inc.,"HIV 1/2, OraQuick Advance HIV Rapid Antibody Kit, 100 Tests","HIV 1/2, OraQuick Advance HIV Rapid Antibody Kit",OraQuick,,Test kit,100,25,8750.0,350.0,3.5,"Pacific Biotech, Thailand",Yes,Weight Captured Separately,Invoiced Separately,10.3
82636,103-ZW-T30,FPQ-12086,SO-45120,DN-3488,Zimbabwe,PMO - US,From RDC,N/A - From RDC,Truck,4/19/13,N/A - From RDC,31-Jan-14,10-Feb-14,19-Mar-14,ARV,Pediatric,SCMS from RDC,"Lamivudine/Nevirapine/Zidovudine 30/50/60mg, dispersible tablets, 60 Tabs",Lamivudine/Nevirapine/Zidovudine,Generic,30/50/60mg,Chewable/dispersible tablet - FDC,60,115211,432041.25,3.75,0.06,Mylan (formerly Matrix) Nashik,Yes,6428,15847.19,534.44
54955,116-ZA-T30,FPQ-5630,SCMS-72760,ASN-7111,South Africa,PMO - US,Direct Drop,DDP,Truck,4/30/10,5/5/10,12-May-10,12-May-10,12-May-10,ARV,Pediatric,S. BUYS WHOLESALER,"Nevirapine 10mg/ml [Viramune], oral suspension, Bottle, 240 ml",Nevirapine,Viramune,10mg/ml,Oral suspension,240,20,310.55,15.53,0.06,Boehringer Ingelheim Roxane US,No,Weight Captured Separately,Freight Included in Commodity Cost,0.67
10698,104-CI-T01,Pre-PQ Process,SO-1663,DN-643,Côte d'Ivoire,PMO - US,From RDC,N/A - From RDC,Air,Pre-PQ Process,N/A - From RDC,6-Mar-08,6-Mar-08,6-Mar-08,ARV,Adult,SCMS from RDC,"Lamivudine/Nevirapine/Stavudine 150/200/30mg, tablets, 60 Tabs",Lamivudine/Nevirapine/Stavudine,Generic,150/200/30mg,Tablet - FDC,60,12833,94964.2,7.4,0.12,"Cipla, Goa, India",Yes,1316,3056.96,151.94
27586,105-SS-T30,FPQ-9807,SCMS-147641,ASN-16730,South Sudan,PMO - US,Direct Drop,EXW,Air,5/18/12,6/20/12,30-Nov-12,30-Nov-12,30-Nov-12,HRDT,HIV test - Ancillary,"Orgenics, Ltd","Capillary Tubes, for Determine, EDTA, 50uL,100 Pcs","HIV, Capillary Tubes, for Determine, EDTA, 50uL,100 Pcs",Determine,,Test kit - Ancillary,100,173,1384.0,8.0,0.08,"Alere Medical Co., Ltd.",Yes,201,5124.22,1.94
47388,106-HT-T30,FPQ-9636,SCMS-148360,ASN-16560,Haiti,PMO - US,Direct Drop,EXW,Ocean,5/14/12,7/3/12,20-Dec-12,20-Dec-12,20-Dec-12,ARV,Adult,Aurobindo Pharma Limited,"Lamivudine/Zidovudine 150/300mg, tablets, 60 Tabs",Lamivudine/Zidovudine,Generic,150/300mg,Tablet - FDC,60,37680,288252.0,7.65,0.13,"Aurobindo Unit III, India",No,See ASN-16560 (ID#:29734),See ASN-16560 (ID#:29734),404.13
11089,111-MZ-T01,Pre-PQ Process,SO-324,DN-17,Mozambique,PMO - US,From RDC,N/A - From RDC,Air,Pre-PQ Process,N/A - From RDC,9-Jan-07,9-Jan-07,9-Jan-07,ARV,Adult,SCMS from RDC,"Lamivudine/Zidovudine+Abacavir 150/300+300mg, tablets, co-blister, 60+60 Tabs",Lamivudine/Zidovudine+Abacavir,Generic,150/300+300mg,Tablet - FDC + co-blister,120,1217,69429.85,57.05,0.48,"Aurobindo Unit III, India",No,See DN-17 (ID#:10541),See DN-17 (ID#:10541),
11882,100-ZW-T01,Pre-PQ Process,SO-716,DN-770,Zimbabwe,PMO - US,From RDC,N/A - From RDC,Air,Pre-PQ Process,N/A - From RDC,9-Jun-08,9-Jun-08,9-Jun-08,ARV,Adult,SCMS from RDC,"Efavirenz 600mg, tablets, 30 Tabs",Efavirenz,Generic,600mg,Tablet,30,1860,23101.2,12.42,0.41,"Aurobindo Unit III, India",No,See DN-770 (ID#:10959),See DN-770 (ID#:10959),36.96
5032,116-ZA-T01,Pre-PQ Process,SCMS-40780,ASN-3607,South Africa,PMO - US,Direct Drop,DDP,Air,Pre-PQ Process,Date Not Captured,17-Mar-09,28-Nov-08,28-Nov-08,ARV,Adult,S. BUYS WHOLESALER,"Efavirenz 600mg, tablets, 30 Tabs",Efavirenz,Generic,600mg,Tablet,30,7000,113050.0,16.15,0.54,"Aurobindo Unit III, India",No,Weight Captured Separately,Freight Included in Commodity Cost,221.58
85669,114-UG-T30,FPQ-5275,SO-36240,DN-1770,Uganda,PMO - US,From RDC,N/A - From RDC,Air,3/4/10,N/A - From RDC,4-Jun-10,15-Apr-10,15-Apr-10,ARV,Adult,SCMS from RDC,"Emtricitabine/Tenofovir Disoproxil Fumarate 200/300mg, tablets, 30 Tabs",Emtricitabine/Tenofovir Disoproxil Fumarate,Generic,200/300mg,Tablet - FDC,30,1300,15275.0,11.75,0.39,Mylan (formerly Matrix) Nashik,Yes,105,2393.54,32.93
15240,106-HT-T30,FPQ-14083,SCMS-240220,ASN-26559,Haiti,PMO - US,Direct Drop,EXW,Air,5/11/14,6/2/14,18-Jul-14,18-Jul-14,31-Jul-14,ARV,Pediatric,Aurobindo Pharma Limited,"Abacavir 20mg/ml, oral solution, Bottle, 240 ml",Abacavir,Generic,20mg/ml,Oral solution,240,375,2561.25,6.83,0.03,"Aurobindo Unit III, India",Yes,300,2949.23,2.63
84772,151-NG-T30,FPQ-9968,SO-43435,DN-2946,Nigeria,PMO - US,From RDC,N/A - From RDC,Air,5/23/12,N/A - From RDC,4-Dec-12,4-Dec-12,4-Dec-12,ARV,Adult,SCMS from RDC,"Nevirapine 200mg, tablets, 60 Tabs",Nevirapine,Generic,200mg,Tablet,60,35011,84726.62,2.42,0.04,Hetero Unit III Hyderabad IN,No,See DN-2946 (ID#:82531),See DN-2946 (ID#:82531),118.79
82360,200-DO-T30,FPQ-6616,SO-38020,DN-2065,Dominican Republic,PMO - US,From RDC,N/A - From RDC,Air,10/25/10,N/A - From RDC,31-Jan-11,8-Dec-10,8-Dec-10,ARV,Adult,SCMS from RDC,"Lamivudine 150mg, tablets, 60 Tabs",Lamivudine,Generic,150mg,Tablet,60,649,1512.17,2.33,0.04,Hetero Unit III Hyderabad IN,Yes,1787,18046.12,2.5
1360,108-VN-T01,Pre-PQ Process,SCMS-754,ASN-926,Vietnam,PMO - US,Direct Drop,EXW,Air,Pre-PQ Process,7/4/07,23-Nov-07,23-Nov-07,23-Nov-07,ARV,Adult,Aurobindo Pharma Limited,"Efavirenz 600mg, tablets, 30 Tabs",Efavirenz,Generic,600mg,Tablet,30,22500,277425.0,12.33,0.41,"Aurobindo Unit III, India",Yes,1955,16095.39,443.88
30974,108-VN-T30,FPQ-12051,SCMS-188580,ASN-21380,Vietnam,PMO - US,Direct Drop,FCA,Air,5/3/13,8/19/13,16-Sep-13,16-Sep-13,16-Sep-13,ARV,Adult,ABBVIE LOGISTICS (FORMERLY ABBOTT LOGISTICS BV),"Ritonavir 100mg [Norvir], film coated tablets, 30 Tabs",Ritonavir,Norvir,100mg,Tablet,30,429,9978.54,23.26,0.78,ABBVIE Ludwigshafen Germany,Yes,43,421.24,12.34
10641,106-HT-T01,Pre-PQ Process,SO-1288,DN-445,Haiti,PMO - US,From RDC,N/A - From RDC,Air,Pre-PQ Process,N/A - From RDC,22-Jan-08,22-Jan-08,22-Jan-08,ARV,Adult,SCMS from RDC,"Lamivudine 150mg, tablets, 60 Tabs",Lamivudine,Generic,150mg,Tablet,60,5000,15200.0,3.04,0.05,"Aurobindo Unit III, India",No,See DN-445 (ID#:10640),See DN-445 (ID#:10640),24.32
58744,108-VN-T30,FPQ-16194,SCMS-285490,ASN-33145,Vietnam,PMO - US,Direct Drop,EXW,Air,4/14/15,5/13/15,7-Sep-15,7-Sep-15,7-Sep-15,ARV,Adult,HETERO LABS LIMITED,"Efavirenz/Lamivudine/Tenofovir Disoproxil Fumarate 600/300/300mg, tablets, 30 Tabs",Efavirenz/Lamivudine/Tenofovir Disoproxil Fumarate,Generic,600/300/300mg,Tablet - FDC,30,17760,168720.0,9.5,0.32,Hetero Unit III Hyderabad IN,Yes,Weight Captured Separately,Invoiced Separately,198.58
86368,104-CI-T30,FPQ-6495,SO-37720,DN-2122,Côte d'Ivoire,PMO - US,From RDC,N/A - From RDC,Air,10/4/10,N/A - From RDC,31-Mar-11,15-Mar-11,15-Mar-11,ARV,Pediatric,SCMS from RDC,"Nevirapine 10mg/ml, oral suspension w/syringe, Bottle, 240 ml",Nevirapine,Generic,10mg/ml,Oral suspension,240,2006,3911.7,1.95,0.01,"Aurobindo Unit III, India",No,See DN-2122 (ID#:84622),See DN-2122 (ID#:84622),8.43
24884,110-ZM-T30,FPQ-9074,SCMS-134290,ASN-13651,Zambia,PMO - US,Direct Drop,EXW,Air,12/22/11,1/24/12,29-Feb-12,29-Feb-12,29-Feb-12,ARV,Adult,Aurobindo Pharma Limited,"Emtricitabine/Tenofovir Disoproxil Fumarate 200/300mg, tablets, 30 Tabs",Emtricitabine/Tenofovir Disoproxil Fumarate,Generic,200/300mg,Tablet - FDC,30,100000,735000.0,7.35,0.24,"Aurobindo Unit III, India",Yes,9369,50030.37,1030.47
85566,102-BI-T30,FPQ-15406,SO-50270,DN-4144,Burundi,PMO - US,From RDC,N/A - From RDC,Air,11/19/14,N/A - From RDC,27-Feb-15,28-Feb-15,5-Mar-15,ARV,Pediatric,SCMS from RDC,"Lamivudine/Zidovudine 30/60mg, dispersible tablets, 60 Tabs",Lamivudine/Zidovudine,Generic,30/60mg,Chewable/dispersible tablet - FDC,60,325,646.75,1.99,0.03,"Cipla, Goa, India",No,See DN-4144 (ID#:82781),See DN-4144 (ID#:82781),0.76
40070,116-ZA-T30,FPQ-14942,SCMS-259076,ASN-32524,South Africa,PMO - US,Direct Drop,DDP,Truck,9/11/14,6/2/15,2-Jun-15,2-Jun-15,2-Jun-15,ARV,Adult,PHARMACY DIRECT,"Abacavir 300mg, tablets, 60 Tabs",Abacavir,Generic,300mg,Tablet,60,31,1545.41,49.85,0.83,"Aurobindo Unit III, India",No,Weight Captured Separately,Freight Included in Commodity Cost,1.59
14564,116-ZA-T30,FPQ-14942,SCMS-259074,ASN-31070,South Africa,PMO - US,Direct Drop,DDP,Truck,9/11/14,3/9/15,9-Mar-15,9-Mar-15,9-Mar-15,ARV,Adult,PHARMACY DIRECT,"Zidovudine 300mg, tablets, 60 Tabs",Zidovudine,Generic,300mg,Tablet,60,7,126.22,18.03,0.3,"Aurobindo Unit III, India",No,Weight Captured Separately,Freight Included in Commodity Cost,0.13
20073,133-NG-T30,FPQ-14995,SCMS-260700,ASN-29931,Nigeria,PMO - US,Direct Drop,EXW,Air,9/22/14,10/29/14,19-Jan-15,20-Jan-15,22-Jan-15,HRDT,HIV test,"Orgenics, Ltd","HIV 1/2, Determine Complete HIV Kit, 100 Tests","HIV 1/2, Determine Complete HIV Kit",Determine,,Test kit,100,3144,279816.0,89.0,0.89,"Alere Medical Co., Ltd.",Yes,1276,15681.99,287.65
77090,105-SS-T30,FPQ-15569,SCMS-272170,ASN-32109,South Sudan,PMO - US,Direct Drop,EXW,Air,12/29/14,2/20/15,2-Jul-15,7-Jul-15,7-Jul-15,HRDT,HIV test,"Orgenics, Ltd","HIV 1/2, Determine Complete HIV Kit, 100 Tests","HIV 1/2, Determine Complete HIV Kit",Determine,,Test kit,100,90,8010.0,89.0,0.89,"Alere Medical Co., Ltd.",No,See ASN-32109 (ID#:25915),See ASN-32109 (ID#:25915),9.43
85413,110-ZM-T30,FPQ-12066,SO-45072,DN-3380,Zambia,PMO - US,From RDC,N/A - From RDC,Truck,4/19/13,N/A - From RDC,31-Oct-13,24-Jan-14,17-Mar-14,ARV,Pediatric,SCMS from RDC,"Lamivudine/Nevirapine/Zidovudine 30/50/60mg, dispersible tablets, 60 Tabs",Lamivudine/Nevirapine/Zidovudine,Generic,30/50/60mg,Chewable/dispersible tablet - FDC,60,20000,77800.0,3.89,0.06,Mylan (formerly Matrix) Nashik,Yes,117,5900,96.24
65238,117-ET-T30,FPQ-14357,SCMS-244860,ASN-27173,Ethiopia,PMO - US,Direct Drop,EXW,Air,6/3/14,6/23/14,29-Jul-14,29-Jul-14,6-Aug-14,HRDT,HIV test,"SHANGHAI KEHUA BIOENGINEERING CO.,LTD.  (KHB)","HIV 1/2, SKB Colloidal Gold, Diagnostic Kit, Antibody, 50 Tests","HIV 1/2, Colloidal Gold, Diagnostic Kit, Antibody",Colloidal Gold,,Test kit,1,7527,184411.5,24.5,24.5,"KHB Test Kit Facility, Shanghai China",Yes,5020,78813.53,189.58
78103,103-ZW-T30,FPQ-13969,SCMS-239231,ASN-27940,Zimbabwe,PMO - US,Direct Drop,EXW,Ocean,4/8/14,6/20/14,3-Nov-14,3-Nov-14,3-Nov-14,ARV,Pediatric,MYLAN LABORATORIES LTD (FORMERLY MATRIX LABORATORIES),"Lamivudine/Nevirapine/Zidovudine 30/50/60mg, dispersible tablets, 60 Tabs",Lamivudine/Nevirapine/Zidovudine,Generic,30/50/60mg,Chewable/dispersible tablet - FDC,60,204713,736966.8,3.6,0.06,Mylan (formerly Matrix) Nashik,Yes,11430,22059.25,757.6
83638,106-HT-T30,FPQ-10883,SO-43610,DN-2933,Haiti,PMO - US,From RDC,N/A - From RDC,Air,10/30/12,N/A - From RDC,3-Dec-12,16-Nov-12,16-Nov-12,ARV,Adult,SCMS from RDC,"Efavirenz 600mg, tablets, 30 Tabs",Efavirenz,Generic,600mg,Tablet,30,19656,71547.84,3.64,0.12,"Aurobindo Unit III, India",Yes,1679,18028.41,88.5
84850,109-TZ-T30,FPQ-12015,SO-44984,DN-3316,Tanzania,PMO - US,From RDC,N/A - From RDC,Truck,4/2/13,N/A - From RDC,31-Oct-13,27-Sep-13,27-Sep-13,ARV,Pediatric,SCMS from RDC,"Lamivudine/Nevirapine/Zidovudine 30/50/60mg, dispersible tablets, 60 Tabs",Lamivudine/Nevirapine/Zidovudine,Generic,30/50/60mg,Chewable/dispersible tablet - FDC,60,80322,312452.58,3.89,0.06,Mylan (formerly Matrix) Nashik,No,See DN-3316 (ID#:83160),See DN-3316 (ID#:83160),386.5
42780,161-ZA-T30,FPQ-7175,SCMS-103360,ASN-11201,South Africa,PMO - US,Direct Drop,DDP,Ocean,3/10/11,3/24/11,2-Sep-11,2-Sep-11,2-Sep-11,ARV,Pediatric,Aurobindo Pharma Limited,"Efavirenz 50mg, capsule, 30 Caps",Efavirenz,Generic,50mg,Capsule,30,97753,238517.32,2.44,0.08,"Aurobindo Unit III, India",Yes,5778,14558.87,393.55
58556,161-ZA-T30,FPQ-6262,SCMS-83730,ASN-9938,South Africa,PMO - US,Direct Drop,DDP,Ocean,8/31/10,9/24/10,26-Apr-11,26-Apr-11,26-Apr-11,ARV,Adult,Aurobindo Pharma Limited,"Efavirenz 600mg, tablets, 30 Tabs",Efavirenz,Generic,600mg,Tablet,30,70942,321367.26,4.53,0.15,"Aurobindo Unit III, India",Yes,6090,11203.81,692.87
10504,119-NA-T01,Pre-PQ Process,SCMS-47150,ASN-4310,Namibia,PMO - US,Direct Drop,EXW,Air,Pre-PQ Process,6/4/09,29-Jun-09,29-Jun-09,29-Jun-09,HRDT,HIV test,"Trinity Biotech, Plc","HIV 1/2, Uni-Gold HIV Kit, 20 Tests","HIV 1/2, Uni-Gold HIV Kit",Uni-Gold,,Test kit,20,120,3840.0,32.0,1.6,"Trinity Biotech, Plc",Yes,41,1862.27,7.53
16693,102-KE-T30,FPQ-7056,SCMS-98350,ASN-10471,Kenya,PMO - US,Direct Drop,FCA,Air,1/19/11,2/3/11,17-May-11,17-May-11,17-May-11,HRDT,HIV test,"Orgenics, Ltd","HIV 1/2, Determine Complete HIV Kit, 100 Tests","HIV 1/2, Determine Complete HIV Kit",Determine,,Test kit,100,12315,1096035.0,89.0,0.89,Inverness Japan,Yes,3637,38452.73,1808.46
24905,114-UG-T30,FPQ-12777,SCMS-202560,ASN-22982,Uganda,PMO - US,Direct Drop,EXW,Air,8/5/13,8/9/13,10-Dec-13,10-Dec-13,10-Dec-13,ARV,Pediatric,Aurobindo Pharma Limited,"Nevirapine 10mg/ml, oral suspension w/syringe, Bottle, 100 ml",Nevirapine,Generic,10mg/ml,Oral suspension,100,10368,13478.4,1.3,0.01,"Aurobindo Unit III, India",Yes,2127,10898.13,16.67
51820,102-SZ-T30,FPQ-10537,SCMS-159091,ASN-17894,Swaziland,PMO - US,Direct Drop,EXW,Air,8/23/12,9/12/12,17-May-13,17-May-13,17-May-13,HRDT,HIV test,"Orgenics, Ltd","HIV 1/2, Determine Complete HIV Kit, 100 Tests","HIV 1/2, Determine Complete HIV Kit",Determine,,Test kit,100,240,19200.0,80.0,0.8,"Alere Medical Co., Ltd.",Yes,100,2274.64,26.92
52380,161-ZA-T30,FPQ-7400,SCMS-104220,ASN-12745,South Africa,PMO - US,Direct Drop,DDP,Ocean,3/11/11,3/30/11,9-Jan-12,9-Jan-12,9-Jan-12,ARV,Pediatric,GLAXOSMITHKLINE EXPORT LIMITED,"Abacavir 20mg/ml [Ziagen], oral solution, Bottle, 240 ml",Abacavir,Ziagen,20mg/ml,Oral solution,240,17337,160887.36,9.28,0.04,GSK Mississauga (Canada),Yes,6680,3755.91,265.46
12548,112-NG-T01,Pre-PQ Process,SO-2728,DN-917,Nigeria,PMO - US,From RDC,N/A - From RDC,Air,Pre-PQ Process,N/A - From RDC,24-Sep-08,24-Sep-08,24-Sep-08,ARV,Adult,SCMS from RDC,"Efavirenz 600mg, tablets, 30 Tabs",Efavirenz,Generic,600mg,Tablet,30,1957,22936.04,11.72,0.39,"Aurobindo Unit III, India",No,See DN-917 (ID#:10745),See DN-917 (ID#:10745),36.7
22281,116-ZA-T30,FPQ-14942,SCMS-259079,ASN-33852,South Africa,PMO - US,Direct Drop,DDP,Truck,9/11/14,10/9/14,24-Aug-15,24-Aug-15,24-Aug-15,ARV,Pediatric,PHARMACY DIRECT,"Lamivudine 10mg/ml, oral solution, Bottle, 240 ml",Lamivudine,Generic,10mg/ml,Oral solution,240,17,91.92,5.41,0.02,"Aurobindo Unit III, India",No,Weight Captured Separately,Freight Included in Commodity Cost,0.09
84548,114-UG-T30,FPQ-5238,SO-36080,DN-1765,Uganda,PMO - US,From RDC,N/A - From RDC,Air,3/2/10,N/A - From RDC,26-May-10,12-Apr-10,12-Apr-10,ARV,Adult,SCMS from RDC,"Efavirenz 600mg, tablets, 30 Tabs",Efavirenz,Generic,600mg,Tablet,30,5000,25650.0,5.13,0.17,Mylan (formerly Matrix) Nashik,No,See DN-1765 (ID#:82877),See DN-1765 (ID#:82877),55.3
1527,102-NG-T01,Pre-PQ Process,SCMS-14640,ASN-1167,Nigeria,PMO - US,Direct Drop,EXW,Air,Pre-PQ Process,11/30/07,21-Jan-08,21-Jan-08,21-Jan-08,HRDT,HIV test,"CHEMBIO DIAGNOSTIC SYSTEMS, INC.","HIV 1/2, Stat-Pak HIV, Kit, 20 Tests","HIV 1/2, Stat-Pak HIV, Kit",Stat-Pak,,Test kit,20,10000,270000.0,27.0,1.35,Chembio Diagnostics Sys. Inc.,Yes,3336,28002.75,432.0
57905,116-ZA-T30,FPQ-14942,SCMS-259076,ASN-32524,South Africa,PMO - US,Direct Drop,DDP,Truck,9/11/14,6/2/15,2-Jun-15,2-Jun-15,2-Jun-15,ARV,Adult,PHARMACY DIRECT,"Didanosine 400mg, delayed-release capsules, 30 Caps",Didanosine,Generic,400mg,Delayed-release capsules,30,6,85.31,14.22,0.47,"Aurobindo Unit III, India",No,Weight Captured Separately,Freight Included in Commodity Cost,0.09
10842,107-RW-T01,Pre-PQ Process,SO-826,DN-261,Rwanda,PMO - US,From RDC,N/A - From RDC,Air,Pre-PQ Process,N/A - From RDC,22-Aug-07,22-Aug-07,22-Aug-07,HRDT,HIV test,SCMS from RDC,"HIV 1/2, Uni-Gold HIV Kit, 20 Tests","HIV 1/2, Uni-Gold HIV Kit",Uni-Gold,,Test kit,20,155,4960.0,32.0,1.6,"Trinity Biotech, Plc",Yes,55,1126.84,7.94
12224,132-NG-T01,Pre-PQ Process,SO-2707,DN-921,Nigeria,PMO - US,From RDC,N/A - From RDC,Air,Pre-PQ Process,N/A - From RDC,28-Sep-08,28-Sep-08,28-Sep-08,ARV,Adult,SCMS from RDC,"Emtricitabine/Tenofovir Disoproxil Fumarate 200/300mg [Truvada], tablets, 30 Tabs",Emtricitabine/Tenofovir Disoproxil Fumarate,Truvada,300/200mg,Tablet - FDC,30,45000,1181250.0,26.25,0.88,"Aspen-OSD, Port Elizabeth, SA",No,See DN-921 (ID#:11917),See DN-921 (ID#:11917),1890.0
86815,151-NG-T30,FPQ-16313,SO-51420,DN-4279,Nigeria,PMO - US,From RDC,N/A - From RDC,Air Charter,5/4/15,N/A - From RDC,2-Jun-15,15-May-15,22-May-15,ARV,Adult,SCMS from RDC,"Lamivudine/Zidovudine 150/300mg, tablets, 60 Tabs",Lamivudine/Zidovudine,Generic,150/300mg,Tablet - FDC,60,15000,97800.0,6.52,0.11,"Aurobindo Unit III, India",Yes,1547,3410,115.11
72922,109-TZ-T30,FPQ-12024,SCMS-189130,ASN-20469,Tanzania,PMO - US,Direct Drop,EXW,Air,4/8/13,5/22/13,20-Sep-13,20-Sep-13,20-Sep-13,HRDT,HIV test,"Standard Diagnostics, Inc.","HIV 1/2, Determine Complete HIV Kit, 100 Tests","HIV 1/2, Determine Complete HIV Kit",Determine,,Test kit,100,3781,0.0,0.0,0.0,"Alere Medical Co., Ltd.",Yes,1642,25778.9,0.0
13899,116-ZA-T30,FPQ-14942,SCMS-259071,ASN-29597,South Africa,PMO - US,Direct Drop,DDP,Truck,9/11/14,11/28/14,28-Nov-14,28-Nov-14,28-Nov-14,ARV,Pediatric,PHARMACY DIRECT,"Efavirenz 200mg, capsule, 90 Caps",Efavirenz,Generic,200mg,Capsule,90,16,272.7,17.04,0.19,"Aurobindo Unit III, India",Yes,Weight Captured Separately,Freight Included in Commodity Cost,0.28
83472,110-ZM-T30,FPQ-6221,SO-37340,DN-2072,Zambia,PMO - US,From RDC,N/A - From RDC,Truck,8/20/10,N/A - From RDC,15-Nov-10,10-Dec-10,10-Dec-10,ARV,Adult,SCMS from RDC,"Emtricitabine/Tenofovir Disoproxil Fumarate 200/300mg, tablets, 30 Tabs",Emtricitabine/Tenofovir Disoproxil Fumarate,Generic,200/300mg,Tablet - FDC,30,220002,2585023.5,11.75,0.39,Mylan (formerly Matrix) Nashik,Yes,20364,31373.1,5573.31
1281,112-NG-T01,Pre-PQ Process,SCMS-156,ASN-93,Nigeria,PMO - US,Direct Drop,EXW,Air,Pre-PQ Process,Date Not Captured,7-Dec-06,7-Dec-06,7-Dec-06,ARV,Adult,Aurobindo Pharma Limited,"Lamivudine 150mg, tablets, 60 Tabs",Lamivudine,Generic,150mg,Tablet,60,894,2994.9,3.35,0.06,"Aurobindo Unit III, India",Yes,479,4861.14,
72256,106-HT-T30,FPQ-15038,SCMS-262840,ASN-31822,Haiti,PMO - US,Direct Drop,EXW,Ocean,10/22/14,12/24/14,3-Jul-15,3-Jul-15,13-Jul-15,ARV,Pediatric,MYLAN LABORATORIES LTD (FORMERLY MATRIX LABORATORIES),"Lamivudine/Nevirapine/Zidovudine 30/50/60mg, dispersible tablets, 60 Tabs",Lamivudine/Nevirapine/Zidovudine,Generic,30/50/60mg,Chewable/dispersible tablet - FDC,60,6500,22750.0,3.5,0.06,Mylan (formerly Matrix) Nashik,Yes,Weight Captured Separately,Invoiced Separately,23.39
86183,110-ZM-T30,FPQ-14784,SO-49621,DN-4192,Zambia,PMO - US,From RDC,N/A - From RDC,Truck,8/12/14,N/A - From RDC,1-May-15,10-Apr-15,20-Apr-15,ARV,Adult,SCMS from RDC,"Efavirenz/Lamivudine/Tenofovir Disoproxil Fumarate 600/300/300mg, tablets, 30 Tabs",Efavirenz/Lamivudine/Tenofovir Disoproxil Fumarate,Generic,600/300/300mg,Tablet - FDC,30,600906,5768697.6,9.6,0.32,Mylan (formerly Matrix) Nashik,Yes,67880,78454.01,5930.22
85332,114-UG-T30,FPQ-11143,SO-43940,DN-3034,Uganda,PMO - US,From RDC,N/A - From RDC,Air,12/13/12,N/A - From RDC,29-Mar-13,1-Mar-13,1-Mar-13,ARV,Adult,SCMS from RDC,"Efavirenz/Lamivudine/Tenofovir Disoproxil Fumarate 600/300/300mg, tablets, 30 Tabs",Efavirenz/Lamivudine/Tenofovir Disoproxil Fumarate,Generic,600/300/300mg,Tablet - FDC,30,14704,178065.44,12.11,0.4,Mylan (formerly Matrix) Nashik,No,See DN-3034 (ID#:84791),See DN-3034 (ID#:84791),220.27
62476,103-CM-T30,FPQ-12711,SCMS-203100,ASN-22038,Cameroon,PMO - US,Direct Drop,EXW,Air,8/9/13,9/4/13,16-Oct-13,16-Oct-13,17-Oct-13,HRDT,HIV test,Orasure Technologies Inc.,"HIV 1/2, OraQuick Advance HIV Rapid Antibody Kit, 100 Tests","HIV 1/2, OraQuick Advance HIV Rapid Antibody Kit",OraQuick,,Test kit,100,30,10500.0,350.0,3.5,"Orasure Technologies, Inc",Yes,75,1406.75,12.99
36679,116-ZA-T30,FPQ-12522,SCMS-199289,ASN-28033,South Africa,PMO - US,Direct Drop,DDP,Truck,7/11/13,8/29/14,29-Aug-14,29-Aug-14,29-Aug-14,ARV,Pediatric,S. BUYS WHOLESALER,"Lamivudine 10mg/ml, oral solution w/syringe, Bottle, 240 ml",Lamivudine,Generic,10mg/ml,Oral solution,240,28,220.91,7.89,0.03,"Aurobindo Unit III, India",No,Weight Captured Separately,Freight Included in Commodity Cost,0.27
19685,110-ZM-T30,FPQ-11561,SCMS-183050,ASN-19389,Zambia,PMO - US,Direct Drop,FCA,Air,2/13/13,3/28/13,22-May-13,22-May-13,22-May-13,ARV,Pediatric,ABBVIE LOGISTICS (FORMERLY ABBOTT LOGISTICS BV),"Lopinavir/Ritonavir 80/20mg/ml [Kaletra], oral solution, cool, Bottle 5 x 60 ml",Lopinavir/Ritonavir,Kaletra,80/20mg/ml,Oral solution,300,1500,46230.0,30.82,0.1,ABBVIE (Abbott) Logis. UK,Yes,1374,10365.13,57.19
84501,112-NG-T30,FPQ-4040,SO-32980,DN-1456,Nigeria,PMO - US,From RDC,N/A - From RDC,Air Charter,7/29/09,N/A - From RDC,15-Oct-09,20-Oct-09,20-Oct-09,ARV,Pediatric,SCMS from RDC,"Efavirenz 200mg, capsule, 90 Caps",Efavirenz,Generic,200mg,Capsule,90,200,2424.0,12.12,0.13,"Aurobindo Unit III, India",No,See DN-1456 (ID#:83952),See DN-1456 (ID#:83952),4.75
85720,151-NG-T30,FPQ-5023,SO-37210,DN-2046,Nigeria,PMO - US,From RDC,N/A - From RDC,Air Charter,2/10/10,N/A - From RDC,16-Nov-10,10-Nov-10,10-Nov-10,ARV,Adult,SCMS from RDC,"Nevirapine 200mg, tablets, 60 Tabs",Nevirapine,Generic,200mg,Tablet,60,350,903.0,2.58,0.04,"Aurobindo Unit III, India",Yes,40,20264.93,1.95
4594,102-GY-T01,Pre-PQ Process,SCMS-27040,ASN-2473,Guyana,PMO - US,Direct Drop,EXW,Air,Pre-PQ Process,7/18/08,1-Oct-08,1-Oct-08,1-Oct-08,HRDT,HIV test,"Trinity Biotech, Plc","HIV 1/2, Uni-Gold HIV Kit, 20 Tests","HIV 1/2, Uni-Gold HIV Kit",Uni-Gold,,Test kit,20,1062,33984.0,32.0,1.6,"Trinity Biotech, Plc",Yes,1062,3976.33,54.37
54280,104-CI-T30,FPQ-15618,SCMS-272190,ASN-31869,Côte d'Ivoire,PMO - US,Direct Drop,EXW,Air,12/17/14,3/13/15,20-May-15,20-May-15,20-May-15,HRDT,HIV test,"Orgenics, Ltd","HIV 1/2, Determine Complete HIV Kit, 100 Tests","HIV 1/2, Determine Complete HIV Kit",Determine,,Test kit,100,5750,460000.0,80.0,0.8,"Alere Medical Co., Ltd.",Yes,3374,24821.13,541.42
82904,151-NG-T30,FPQ-5023,SO-36412,DN-1929,Nigeria,PMO - US,From RDC,N/A - From RDC,Air,2/10/10,N/A - From RDC,15-Jul-10,28-Jun-10,28-Jun-10,ARV,Adult,SCMS from RDC,"Emtricitabine/Tenofovir Disoproxil Fumarate 200/300mg, tablets, 30 Tabs",Emtricitabine/Tenofovir Disoproxil Fumarate,Generic,200/300mg,Tablet - FDC,30,1000,11750.0,11.75,0.39,Mylan (formerly Matrix) Nashik,Yes,90,Freight Included in Commodity Cost,25.33
84230,113-ZW-T30,FPQ-10895,SO-43580,DN-3033,Zimbabwe,PMO - US,From RDC,N/A - From RDC,Truck,10/25/12,N/A - From RDC,31-Mar-13,14-Mar-13,14-Mar-13,ARV,Adult,SCMS from RDC,"Efavirenz/Lamivudine/Tenofovir Disoproxil Fumarate 600/300/300mg, tablets, 30 Tabs",Efavirenz/Lamivudine/Tenofovir Disoproxil Fumarate,Generic,600/300/300mg,Tablet - FDC,30,20160,244137.6,12.11,0.4,Mylan (formerly Matrix) Nashik,No,See DN-3033 (ID#:83658),See DN-3033 (ID#:83658),302.0
84113,901-SZ-T30,FPQ-8360,SO-40580,DN-2359,Swaziland,PMO - US,From RDC,N/A - From RDC,Air,9/2/11,N/A - From RDC,30-Sep-11,6-Oct-11,6-Oct-11,ARV,Adult,SCMS from RDC,"Lamivudine/Nevirapine/Zidovudine 150/200/300mg, tablets, 60 Tabs",Lamivudine/Nevirapine/Zidovudine,Generic,150/300/200mg,Tablet - FDC,60,23861,267720.42,11.22,0.19,Mylan (formerly Matrix) Nashik,Yes,4502,12314.4,441.74
54385,116-ZA-T30,FPQ-14942,SCMS-259079,ASN-33851,South Africa,PMO - US,Direct Drop,DDP,Truck,9/11/14,10/9/14,24-Aug-15,24-Aug-15,24-Aug-15,ARV,Pediatric,PHARMACY DIRECT,"Efavirenz 200mg, capsule, 90 Caps",Efavirenz,Generic,200mg,Capsule,90,47,857.74,18.25,0.2,"Aurobindo Unit III, India",No,Weight Captured Separately,Freight Included in Commodity Cost,0.88
85132,113-ZW-T30,FPQ-4694,SO-35351,DN-1948,Zimbabwe,PMO - US,From RDC,N/A - From RDC,Air,12/8/09,N/A - From RDC,30-Jul-10,22-Jul-10,22-Jul-10,ARV,Adult,SCMS from RDC,"Lamivudine/Nevirapine/Stavudine 150/200/30mg, tablets, 60 Tabs",Lamivudine/Nevirapine/Stavudine,Generic,150/200/30mg,Tablet - FDC,60,2100,12033.0,5.73,0.1,"Strides, Bangalore, India.",No,See DN-1948 (ID#:82906),See DN-1948 (ID#:82906),25.94
85832,151-NG-T30,FPQ-8364,SO-40650,DN-2559,Nigeria,PMO - US,From RDC,N/A - From RDC,Air Charter,8/29/11,N/A - From RDC,2-Mar-12,16-Feb-12,16-Feb-12,ARV,Adult,SCMS from RDC,"Nevirapine 200mg, tablets, 60 Tabs",Nevirapine,Generic,200mg,Tablet,60,51355,125819.75,2.45,0.04,"Aurobindo Unit III, India",Yes,6436,25231.96,207.6
1196,102-BW-T01,Pre-PQ Process,SCMS-46071,ASN-4324,Botswana,PMO - US,Direct Drop,EXW,Air,Pre-PQ Process,5/27/09,12-Jun-09,10-Jul-09,10-Jul-09,HRDT,HIV test,Orasure Technologies Inc.,"HIV 1/2, OraQuick Advance HIV Rapid Antibody Kit, 100 Tests","HIV 1/2, OraQuick Advance HIV Rapid Antibody Kit",OraQuick,,Test kit,100,5,1750.0,350.0,3.5,"Pacific Biotech, Thailand",Yes,12,684.42,3.43
85345,900-GY-T30,FPQ-11727,SO-44710,DN-3089,Guyana,PMO - US,From RDC,N/A - From RDC,Air,3/1/13,N/A - From RDC,25-Mar-13,28-Mar-13,28-Mar-13,ARV,Adult,SCMS from RDC,"Nevirapine 200mg, tablets, 60 Tabs",Nevirapine,Generic,200mg,Tablet,60,3485,7876.1,2.26,0.04,Hetero Unit III Hyderabad IN,Yes,214,3066.05,9.74
11322,110-ZM-T01,Pre-PQ Process,SO-30920,DN-1241,Zambia,PMO - US,From RDC,N/A - From RDC,Truck,Pre-PQ Process,N/A - From RDC,10-Jun-09,10-Jun-09,10-Jun-09,ARV,Adult,SCMS from RDC,"Efavirenz 600mg, tablets, 30 Tabs",Efavirenz,Generic,600mg,Tablet,30,107180,857440.0,8.0,0.27,Mylan (formerly Matrix) Nashik,Yes,7995,Freight Included in Commodity Cost,1680.58
18386,106-HT-T30,FPQ-13797,SCMS-233981,ASN-27710,Haiti,PMO - US,Direct Drop,EXW,Ocean,3/20/14,5/30/14,28-Oct-14,28-Oct-14,21-Nov-14,ARV,Adult,CIPLA LIMITED,"Lamivudine/Nevirapine/Zidovudine 150/200/300mg, tablets, 60 Tabs",Lamivudine/Nevirapine/Zidovudine,Generic,150/300/200mg,Tablet - FDC,60,16435,133123.5,8.1,0.13,"Cipla, Goa, India",Yes,Weight Captured Separately,Invoiced Separately,136.85
85812,111-MZ-T30,FPQ-8157,SO-40350,DN-2481,Mozambique,PMO - US,From RDC,N/A - From RDC,Truck,8/4/11,N/A - From RDC,29-Feb-12,22-Feb-12,22-Feb-12,ARV,Adult,SCMS from RDC,"Lamivudine/Nevirapine/Zidovudine 150/200/300mg, tablets, 60 Tabs",Lamivudine/Nevirapine/Zidovudine,Generic,150/300/200mg,Tablet - FDC,60,250000,2805000.0,11.22,0.19,Mylan (formerly Matrix) Nashik,Yes,32538,20179.39,4628.25
67248,116-ZA-T30,FPQ-14942,SCMS-259084,ASN-33331,South Africa,PMO - US,Direct Drop,DDP,Truck,9/11/14,7/14/15,14-Jul-15,14-Jul-15,14-Jul-15,ARV,Pediatric,PHARMACY DIRECT,"Lopinavir/Ritonavir 80/20mg/ml [Kaletra], oral solution, cool, Bottle 5 x 60 ml",Lopinavir/Ritonavir,Kaletra,80/20mg/ml,Oral solution,300,4,68.56,17.14,0.06,ABBVIE (Abbott) Logis. UK,Yes,Weight Captured Separately,Freight Included in Commodity Cost,0.07
4947,100-SN-T01,Pre-PQ Process,SCMS-38270,ASN-3546,Senegal,PMO - US,Direct Drop,EXW,Air,Pre-PQ Process,2/6/09,25-Mar-09,25-Mar-09,25-Mar-09,HRDT,HIV test,"Orgenics, Ltd","HIV 1/2, ImmunoComb TriSpot Ag - Ab Kit, 36 Tests","HIV 1/2, ImmunoComb TriSpot Ag - Ab Kit",ImmunoComb,,Test kit,36,80,6800.0,85.0,2.36,INVERNESS ORGENICS LINE,Yes,33,812,13.33
85139,114-UG-T30,FPQ-5238,SO-36071,DN-1986,Uganda,PMO - US,From RDC,N/A - From RDC,Air,3/2/10,N/A - From RDC,29-Aug-10,27-Aug-10,27-Aug-10,ARV,Adult,SCMS from RDC,"Emtricitabine/Tenofovir Disoproxil Fumarate 200/300mg, tablets, 30 Tabs",Emtricitabine/Tenofovir Disoproxil Fumarate,Generic,200/300mg,Tablet - FDC,30,4000,47000.0,11.75,0.39,Mylan (formerly Matrix) Nashik,Yes,365,6068.75,101.33
10062,108-VN-T01,Pre-PQ Process,SCMS-31730,ASN-3313,Vietnam,PMO - US,Direct Drop,EXW,Air,Pre-PQ Process,10/21/08,23-Feb-09,23-Feb-09,23-Feb-09,ARV,Adult,Aurobindo Pharma Limited,"Lamivudine 150mg, tablets, 60 Tabs",Lamivudine,Generic,150mg,Tablet,60,6966,16718.4,2.4,0.04,"Aurobindo Unit III, India",No,See ASN-3313 (ID#:3456),See ASN-3313 (ID#:3456),32.77
28802,117-ET-T30,FPQ-4716,SCMS-59510,ASN-5721,Ethiopia,PMO - US,Direct Drop,EXW,Air,12/9/09,12/10/09,24-Dec-09,24-Dec-09,24-Dec-09,ARV,Adult,Aurobindo Pharma Limited,"Lamivudine 150mg, tablets, 60 Tabs",Lamivudine,Generic,150mg,Tablet,60,15000,35700.0,2.38,0.04,"Aurobindo Unit III, India",Yes,780,2949.1,76.97
77296,107-RW-T30,FPQ-3859,SCMS-48931,ASN-6763,Rwanda,PMO - US,Direct Drop,CIP,Air,6/30/09,3/7/10,29-Apr-10,29-Apr-10,29-Apr-10,ARV,Adult,Aurobindo Pharma Limited,"Lopinavir/Ritonavir 200/50mg, tablets, 120 Tabs",Lopinavir/Ritonavir,Generic,200/50mg,Tablet,120,4240,158406.4,37.36,0.31,"Aurobindo Unit III, India",Yes,1048,14256.58,310.48
13988,106-HT-T30,FPQ-12041,SCMS-189220,ASN-20209,Haiti,PMO - US,Direct Drop,EXW,Air,4/26/13,5/21/13,9-Jul-13,9-Jul-13,9-Jul-13,HRDT,HIV test,"SHANGHAI KEHUA BIOENGINEERING CO.,LTD.  (KHB)","HIV 1/2, SKB Colloidal Gold, Diagnostic Kit, Antibody, 50 Tests","HIV 1/2, Colloidal Gold, Diagnostic Kit, Antibody",Colloidal Gold,,Test kit,1,300,7350.0,24.5,24.5,"KHB Test Kit Facility, Shanghai China",Yes,182,2581.83,9.09
86072,111-MZ-T30,FPQ-13124,SO-47041,DN-3628,Mozambique,PMO - US,From RDC,N/A - From RDC,Truck,10/21/13,N/A - From RDC,14-Jun-14,24-Jun-14,14-Jul-14,ARV,Adult,SCMS from RDC,"Efavirenz 600mg, tablets, 30 Tabs",Efavirenz,Generic,600mg,Tablet,30,63000,209790.0,3.33,0.11,"Strides, Bangalore, India.",No,See DN-3628 (ID#:83234),See DN-3628 (ID#:83234),215.66
63757,111-MZ-T30,FPQ-9530,SCMS-143810,ASN-15749,Mozambique,PMO - US,Direct Drop,EXW,Air,3/29/12,4/24/12,4-Sep-12,4-Sep-12,4-Sep-12,HRDT,HIV test,"Orgenics, Ltd","HIV 1/2, Determine Complete HIV Kit, 100 Tests","HIV 1/2, Determine Complete HIV Kit",Determine,,Test kit,100,6000,480000.0,80.0,0.8,"Alere Medical Co., Ltd.",Yes,2862,52239.49,672.96
11870,102-GY-T01,Pre-PQ Process,SO-1004,DN-617,Guyana,PMO - US,From RDC,N/A - From RDC,,Pre-PQ Process,N/A - From RDC,21-Feb-08,21-Feb-08,21-Feb-08,HRDT,HIV test,SCMS from RDC,"HIV 1/2, Determine HIV Kit, without Lancets, 100 Tests","HIV 1/2, Determine HIV Kit, without Lancets",Determine,,Test kit,100,152,10942.48,71.99,0.72,Inverness Japan,No,See DN-617 (ID#:11236),See DN-617 (ID#:11236),17.51
46574,107-RW-T30,FPQ-8741,SCMS-129530,ASN-15232,Rwanda,PMO - US,Direct Drop,CIP,Air,11/30/11,3/9/12,15-Jun-12,15-Jun-12,15-Jun-12,ARV,Pediatric,CIPLA LIMITED,"Lamivudine/Stavudine 60/12mg, dispersible tablets, 60 Tabs",Lamivudine/Stavudine,Generic,60/12mg,Chewable/dispersible tablet - FDC,60,672,2466.24,3.67,0.06,"Cipla, Goa, India",Yes,49,221.96,3.46
84761,151-NG-T30,FPQ-9968,SO-42686,DN-2905,Nigeria,PMO - US,From RDC,N/A - From RDC,Air,5/23/12,N/A - From RDC,6-Nov-12,6-Nov-12,6-Nov-12,ARV,Adult,SCMS from RDC,"Efavirenz 600mg, tablets, 30 Tabs",Efavirenz,Generic,600mg,Tablet,30,120954,440272.56,3.64,0.12,"Aurobindo Unit III, India",Yes,11369,15459.09,617.26
12260,123-NG-T01,Pre-PQ Process,SO-19070,DN-1080,Nigeria,PMO - US,From RDC,N/A - From RDC,Air,Pre-PQ Process,N/A - From RDC,16-Feb-09,16-Feb-09,16-Feb-09,ARV,Adult,SCMS from RDC,"Efavirenz 600mg, tablets, 30 Tabs",Efavirenz,Generic,600mg,Tablet,30,13473,148203.0,11.0,0.37,"Aurobindo Unit III, India",Yes,1146,3680.33,290.48
83225,113-ZW-T30,FPQ-12950,SO-46620,DN-3588,Zimbabwe,PMO - US,From RDC,N/A - From RDC,Truck,9/10/13,N/A - From RDC,6-May-14,21-Mar-14,17-Apr-14,ARV,Adult,SCMS from RDC,"Efavirenz/Lamivudine/Tenofovir Disoproxil Fumarate 600/300/300mg, tablets, 30 Tabs",Efavirenz/Lamivudine/Tenofovir Disoproxil Fumarate,Generic,600/300/300mg,Tablet - FDC,30,8977,100093.55,11.15,0.37,"Aurobindo Unit VII, IN",Yes,65471,64802.96,123.82
11424,113-ZW-T01,Pre-PQ Process,SO-416,DN-252,Zimbabwe,PMO - US,From RDC,N/A - From RDC,,Pre-PQ Process,N/A - From RDC,30-Jul-07,30-Jul-07,30-Jul-07,ARV,Adult,SCMS from RDC,"Efavirenz 600mg, tablets, 30 Tabs",Efavirenz,Generic,600mg,Tablet,30,3200,52032.0,16.26,0.54,"Aurobindo Unit III, India",Yes,280,1300.45,83.25
85800,106-HT-T30,FPQ-6801,SO-38210,DN-2408,Haiti,PMO - US,From RDC,N/A - From RDC,Air,12/14/10,N/A - From RDC,31-Oct-11,8-Nov-11,8-Nov-11,ARV,Pediatric,SCMS from RDC,"Nevirapine 10mg/ml, oral suspension w/syringe, Bottle, 240 ml",Nevirapine,Generic,10mg/ml,Oral suspension,240,2848,5553.6,1.95,0.01,"Aurobindo Unit III, India",Yes,1066,10794.84,9.16
11390,104-CI-T01,Pre-PQ Process,SO-594,DN-198,Côte d'Ivoire,PMO - US,From RDC,N/A - From RDC,,Pre-PQ Process,N/A - From RDC,25-Jun-07,25-Jun-07,25-Jun-07,ARV,Adult,SCMS from RDC,"Abacavir 300mg, tablets, 60 Tabs",Abacavir,Generic,300mg,Tablet,60,957,34260.6,35.8,0.6,"Aurobindo Unit III, India",Yes,95,1448,54.82
77038,102-SZ-T30,FPQ-7281,SCMS-109440,ASN-11323,Swaziland,PMO - US,Direct Drop,EXW,Air,3/28/11,6/16/11,9-Aug-11,9-Aug-11,9-Aug-11,HRDT,HIV test,"Trinity Biotech, Plc","HIV 1/2, Uni-Gold HIV Kit, 20 Tests","HIV 1/2, Uni-Gold HIV Kit",Uni-Gold,,Test kit,20,1270,40640.0,32.0,1.6,"Trinity Biotech, Plc",Yes,429,4726.15,67.06
86343,110-ZM-T30,FPQ-5702,SO-36840,DN-2030,Zambia,PMO - US,From RDC,N/A - From RDC,Truck,5/20/10,N/A - From RDC,4-Nov-10,22-Oct-10,22-Oct-10,ARV,Adult,SCMS from RDC,"Lamivudine/Stavudine 150/30mg, tablets, 60 Tabs",Lamivudine/Stavudine,Generic,150/30mg,Tablet - FDC,60,40900,134152.0,3.28,0.05,"Cipla, Goa, India",Yes,3127,8109.92,289.23
82914,102-UG-T30,FPQ-6202,SO-37250,DN-1997,Uganda,PMO - US,From RDC,N/A - From RDC,Air,8/6/10,N/A - From RDC,29-Oct-10,27-Sep-10,27-Sep-10,ARV,Adult,SCMS from RDC,"Efavirenz 600mg, tablets, 30 Tabs",Efavirenz,Generic,600mg,Tablet,30,60342,268521.9,4.45,0.15,"Strides, Bangalore, India.",Yes,20269,132890.27,578.93
86494,109-TZ-T30,FPQ-9271,SO-41580,DN-2761,Tanzania,PMO - US,From RDC,N/A - From RDC,Truck,1/31/12,N/A - From RDC,31-Aug-12,22-Aug-12,22-Aug-12,ARV,Adult,SCMS from RDC,"Efavirenz/Emtricitabine/Tenofovir Disoproxil Fumarate 600/200/300mg, tablets, 30 Tabs",Efavirenz/Emtricitabine/Tenofovir Disoproxil Fumarate,Generic,600/200/300mg,Tablet - FDC,30,153642,2310775.68,15.04,0.5,Mylan (formerly Matrix) Nashik,No,See DN-2761 (ID#:83606),See DN-2761 (ID#:83606),3239.71
67526,116-ZA-T30,FPQ-14942,SCMS-295800,ASN-33865,South Africa,PMO - US,Direct Drop,DDP,Truck,9/11/14,8/24/15,24-Aug-15,24-Aug-15,24-Aug-15,ARV,Adult,PHARMACY DIRECT,"Zidovudine 300mg, tablets, 60 Tabs",Zidovudine,Generic,300mg,Tablet,60,14,270.58,19.33,0.32,"Aurobindo Unit III, India",No,Weight Captured Separately,Freight Included in Commodity Cost,0.28
82688,103-ZW-T30,FPQ-13990,SO-48471,DN-3890,Zimbabwe,PMO - US,From RDC,N/A - From RDC,Truck,4/1/14,N/A - From RDC,30-Aug-14,15-Sep-14,17-Oct-14,ARV,Pediatric,SCMS from RDC,"Abacavir/Lamivudine 60/30mg, tablets, 60 Tabs",Abacavir/Lamivudine,Generic,60/30mg,Tablet - FDC,60,23000,90850.0,3.95,0.07,Mylan (formerly Matrix) Nashik,Yes,952,1521.08,93.39
83288,114-UG-T30,FPQ-14396,SO-48970,DN-4008,Uganda,PMO - US,From RDC,N/A - From RDC,Truck,6/4/14,N/A - From RDC,28-Nov-14,3-Dec-14,4-Dec-14,ARV,Pediatric,SCMS from RDC,"Abacavir/Lamivudine 60/30mg, tablets, 60 Tabs",Abacavir/Lamivudine,Generic,60/30mg,Tablet - FDC,60,9308,38069.72,4.09,0.07,Mylan (formerly Matrix) Nashik,No,See DN-4008 (ID#:82753),See DN-4008 (ID#:82753),39.14
49380,116-ZA-T30,FPQ-3596,SCMS-50370,ASN-5460,South Africa,PMO - US,Direct Drop,DDP,Truck,5/7/09,9/22/09,29-Oct-09,29-Oct-09,29-Oct-09,ARV,Adult,S. BUYS WHOLESALER,"Lamivudine 150mg, tablets, 60 Tabs",Lamivudine,Generic,150mg,Tablet,60,2000,19410.49,9.71,0.16,"Aurobindo Unit III, India",Yes,Weight Captured Separately,Freight Included in Commodity Cost,38.04
62046,104-CI-T30,FPQ-12806,SCMS-207150,ASN-23970,Côte d'Ivoire,PMO - US,Direct Drop,FCA,Air,8/9/13,9/17/13,7-Feb-14,7-Feb-14,10-Feb-14,ARV,Pediatric,ABBVIE LOGISTICS (FORMERLY ABBOTT LOGISTICS BV),"Lopinavir/Ritonavir 80/20mg/ml [Kaletra], oral solution, cool, Bottle 5 x 60 ml",Lopinavir/Ritonavir,Kaletra,80/20mg/ml,Oral solution,300,540,16642.8,30.82,0.1,ABBVIE (Abbott) Logis. UK,Yes,519,5385.37,20.59
85746,117-ET-T30,FPQ-7000,SO-38430,DN-2131,Ethiopia,PMO - US,From RDC,N/A - From RDC,Air,1/7/11,N/A - From RDC,10-Mar-11,11-Mar-11,11-Mar-11,ARV,Adult,SCMS from RDC,"Lopinavir/Ritonavir 200/50mg [Aluvia], tablets, 120 Tabs",Lopinavir/Ritonavir,Aluvia,200/50mg,Tablet,120,2680,96908.8,36.16,0.3,ABBVIE Ludwigshafen Germany,Yes,549,3600.65,159.9
85207,111-MZ-T30,FPQ-8157,SO-40340,DN-2407,Mozambique,PMO - US,From RDC,N/A - From RDC,Truck,8/4/11,N/A - From RDC,25-Jan-12,25-Jan-12,25-Jan-12,ARV,Adult,SCMS from RDC,"Lamivudine 150mg, tablets, 60 Tabs",Lamivudine,Generic,150mg,Tablet,60,1458,3397.14,2.33,0.04,Hetero Unit III Hyderabad IN,Yes,79,1078.61,5.61
50910,106-HT-T30,FPQ-15038,SCMS-262980,ASN-30463,Haiti,PMO - US,Direct Drop,EXW,Ocean,10/22/14,1/7/15,9-Apr-15,9-Apr-15,13-Apr-15,ARV,Adult,HETERO LABS LIMITED,"Lamivudine/Zidovudine 150/300mg, tablets, 60 Tabs",Lamivudine/Zidovudine,Generic,150/300mg,Tablet - FDC,60,31806,210237.66,6.61,0.11,Hetero Unit III Hyderabad IN,No,See ASN-30463 (ID#:15460),See ASN-30463 (ID#:15460),216.12
86618,114-UG-T30,FPQ-12253,SO-45570,DN-3385,Uganda,PMO - US,From RDC,N/A - From RDC,Truck,5/8/13,N/A - From RDC,29-Nov-13,13-Nov-13,27-Nov-13,ARV,Pediatric,SCMS from RDC,"Efavirenz 200mg, scored tablets, 90 Tabs",Efavirenz,Generic,200mg,Tablet,90,8035,74725.5,9.3,0.1,"Strides, Bangalore, India.",No,See DN-3385 (ID#:85415),See DN-3385 (ID#:85415),92.44
86284,151-NG-T30,FPQ-4537,SO-35120,DN-1741,Nigeria,PMO - US,From RDC,N/A - From RDC,Air Charter,11/6/09,N/A - From RDC,31-Mar-10,31-Mar-10,31-Mar-10,ARV,Adult,SCMS from RDC,"Lamivudine/Stavudine 150/30mg, tablets, 60 Tabs",Lamivudine/Stavudine,Generic,150/30mg,Tablet - FDC,60,28,95.2,3.4,0.06,"Strides, Bangalore, India.",Yes,2,Freight Included in Commodity Cost,0.21
76189,161-ZA-T30,FPQ-5303,SCMS-69050,ASN-8509,South Africa,PMO - US,Direct Drop,DDP,Air,3/18/10,3/19/10,15-Dec-10,15-Dec-10,15-Dec-10,ARV,Adult,Aurobindo Pharma Limited,"Zidovudine 300mg, tablets, 60 Tabs",Zidovudine,Generic,300mg,Tablet,60,75048,557606.64,7.43,0.12,"Aurobindo Unit III, India",Yes,4023,3315.23,1202.2
73211,114-UG-T30,FPQ-12290,SCMS-192070,ASN-21522,Uganda,PMO - US,Direct Drop,FCA,Air,5/17/13,6/13/13,23-Sep-13,23-Sep-13,23-Sep-13,ARV,Adult,ABBVIE LOGISTICS (FORMERLY ABBOTT LOGISTICS BV),"Ritonavir 100mg [Norvir], film coated tablets, 60 Tabs",Ritonavir,Norvir,100mg,Tablet,60,210,1438.5,6.85,0.11,ABBVIE Ludwigshafen Germany,Yes,32,852.02,1.78
12756,112-NG-T01,Pre-PQ Process,SO-1570,DN-535,Nigeria,PMO - US,From RDC,N/A - From RDC,Air,Pre-PQ Process,N/A - From RDC,9-Jan-08,9-Jan-08,9-Jan-08,ARV,Adult,SCMS from RDC,"Zidovudine 300mg, tablets, 60 Tabs",Zidovudine,Generic,300mg,Tablet,60,125,1018.75,8.15,0.14,"Aurobindo Unit III, India",No,See DN-535 (ID#:10658),See DN-535 (ID#:10658),1.63
7126,116-ZA-T01,Pre-PQ Process,SCMS-23500,ASN-2484,South Africa,PMO - US,Direct Drop,DDP,Truck,Pre-PQ Process,Date Not Captured,20-Aug-08,14-Aug-08,14-Aug-08,ARV,Adult,S. BUYS WHOLESALER,"Emtricitabine/Tenofovir Disoproxil Fumarate 200/300mg [Truvada], tablets, 30 Tabs",Emtricitabine/Tenofovir Disoproxil Fumarate,Truvada,300/200mg,Tablet - FDC,30,150,5737.5,38.25,1.27,Gilead(Nycomed) Oranienburg DE,Yes,Weight Captured Separately,Freight Included in Commodity Cost,9.18
83780,151-NG-T30,FPQ-12248,SO-45666,DN-3620,Nigeria,PMO - US,From RDC,N/A - From RDC,Air Charter,5/6/13,N/A - From RDC,15-Apr-14,20-Apr-14,2-May-14,ARV,Adult,SCMS from RDC,"Efavirenz/Lamivudine/Tenofovir Disoproxil Fumarate 600/300/300mg, tablets, 30 Tabs",Efavirenz/Lamivudine/Tenofovir Disoproxil Fumarate,Generic,600/300/300mg,Tablet - FDC,30,40409,439245.83,10.87,0.36,Hetero Unit III Hyderabad IN,Yes,5977,29674.92,543.35
46875,113-ZW-T30,FPQ-13669,SCMS-225830,ASN-26283,Zimbabwe,PMO - US,Direct Drop,EXW,Air,2/3/14,2/12/14,18-Jun-14,18-Jun-14,25-Jun-14,HRDT,HIV test,"Orgenics, Ltd","HIV 1/2, Determine Complete HIV Kit, 100 Tests","HIV 1/2, Determine Complete HIV Kit",Determine,,Test kit,100,8787,702960.0,80.0,0.8,"Alere Medical Co., Ltd.",Yes,3567,51732.62,722.64
82914,102-UG-T30,FPQ-6202,SO-37250,DN-1997,Uganda,PMO - US,From RDC,N/A - From RDC,Air,8/6/10,N/A - From RDC,29-Oct-10,27-Sep-10,27-Sep-10,ARV,Adult,SCMS from RDC,"Efavirenz 600mg, tablets, 30 Tabs",Efavirenz,Generic,600mg,Tablet,30,60342,268521.9,4.45,0.15,"Strides, Bangalore, India.",Yes,20269,132890.27,578.93
22595,104-CI-T30,FPQ-8366,SCMS-124280,ASN-13657,Côte d'Ivoire,PMO - US,Direct Drop,FCA,Ocean,9/5/11,10/11/11,23-Mar-12,23-Mar-12,23-Mar-12,ARV,Adult,ABBVIE LOGISTICS (FORMERLY ABBOTT LOGISTICS BV),"Lopinavir/Ritonavir 200/50mg [Aluvia], tablets, 120 Tabs",Lopinavir/Ritonavir,Aluvia,200/50mg,Tablet,120,9800,302036.0,30.82,0.26,ABBVIE Ludwigshafen Germany,Yes,Weight Captured Separately,Invoiced Separately,498.36
84332,109-TZ-T30,FPQ-12587,SO-45999,DN-3531,Tanzania,PMO - US,From RDC,N/A - From RDC,Truck,7/4/13,N/A - From RDC,31-Jan-14,19-Feb-14,24-Feb-14,ARV,Adult,SCMS from RDC,"Abacavir 300mg, tablets, 60 Tabs",Abacavir,Generic,300mg,Tablet,60,11022,125209.92,11.36,0.19,"Aurobindo Unit III, India",No,See DN-3531 (ID#:83761),See DN-3531 (ID#:83761),154.88
66713,108-VN-T30,FPQ-13524,SCMS-226230,ASN-26347,Vietnam,PMO - US,Direct Drop,FCA,Air,2/6/14,3/10/14,2-Jul-14,2-Jul-14,2-Jul-14,ARV,Adult,ABBVIE LOGISTICS (FORMERLY ABBOTT LOGISTICS BV),"Ritonavir 100mg [Norvir], film coated tablets, 30 Tabs",Ritonavir,Norvir,100mg,Tablet,30,450,10467.0,23.26,0.78,ABBVIE Ludwigshafen Germany,Yes,56,520.19,10.76
86604,102-DO-T30,FPQ-12902,SO-46510,DN-3325,Dominican Republic,PMO - US,From RDC,N/A - From RDC,Air,8/29/13,N/A - From RDC,26-Sep-13,21-May-13,18-Nov-14,ARV,Adult,SCMS from RDC,"Lopinavir/Ritonavir 200/50mg, [DON] tablets, 120 Tabs",Lopinavir/Ritonavir,Generic,200/50mg,Tablet,120,93,0.0,0.0,0.0,Mylan (formerly Matrix) Nashik,Yes,Weight Captured Separately,Invoiced Separately,0.0
84829,901-CM-T30,FPQ-12520,SO-45830,DN-3228,Cameroon,PMO - US,From RDC,N/A - From RDC,Air Charter,6/21/13,N/A - From RDC,22-Jul-13,14-Jul-13,14-Jul-13,ARV,Adult,SCMS from RDC,"Lamivudine/Tenofovir Disoproxil Fumarate 300/300mg, tablets, 30 Tabs",Lamivudine/Tenofovir Disoproxil Fumarate,Generic,300/300mg,Tablet - FDC,30,5800,27260.0,4.7,0.16,"Aurobindo Unit VII, IN",No,See DN-3228 (ID#:82588),See DN-3228 (ID#:82588),33.72
70131,108-VN-T30,FPQ-15292,SCMS-268450,ASN-30674,Vietnam,PMO - US,Direct Drop,FCA,Air,12/5/14,12/18/14,31-Mar-15,31-Mar-15,31-Mar-15,ARV,Adult,ABBVIE LOGISTICS (FORMERLY ABBOTT LOGISTICS BV),"Ritonavir 100mg [Norvir], film coated tablets, 30 Tabs",Ritonavir,Norvir,100mg,Tablet,30,572,13304.72,23.26,0.78,ABBVIE Ludwigshafen Germany,No,See ASN-30674 (ID#:54100),See ASN-30674 (ID#:54100),15.66
83885,151-NG-T30,FPQ-14156,SO-48909,DN-4123,Nigeria,PMO - US,From RDC,N/A - From RDC,Air Charter,4/25/14,N/A - From RDC,2-Mar-15,5-Feb-15,10-Feb-15,ARV,Adult,SCMS from RDC,"Lamivudine/Zidovudine 150/300mg, tablets, 60 Tabs",Lamivudine/Zidovudine,Generic,150/300mg,Tablet - FDC,60,164867,1088122.2,6.6,0.11,Mylan (formerly Matrix) Nashik,Yes,14794,34099.18,1118.59
86411,114-UG-T30,FPQ-7162,SO-38803,DN-2344,Uganda,PMO - US,From RDC,N/A - From RDC,Truck,2/14/11,N/A - From RDC,30-Sep-11,26-Sep-11,26-Sep-11,ARV,Adult,SCMS from RDC,"Efavirenz 600mg, tablets, 30 Tabs",Efavirenz,Generic,600mg,Tablet,30,2688,11343.36,4.22,0.14,"Strides, Bangalore, India.",No,See DN-2344 (ID#:85789),See DN-2344 (ID#:85789),18.72
16901,108-VN-T30,FPQ-8428,SCMS-123600,ASN-13410,Vietnam,PMO - US,Direct Drop,EXW,Air,9/21/11,10/4/11,18-Feb-12,18-Feb-12,18-Feb-12,ARV,Adult,Aurobindo Pharma Limited,"Abacavir 300mg, tablets, 60 Tabs",Abacavir,Generic,300mg,Tablet,60,112,1618.4,14.45,0.24,"Aurobindo Unit III, India",Yes,1701,4288.83,2.67
32189,108-VN-T30,FPQ-15692,SCMS-274390,ASN-32268,Vietnam,PMO - US,Direct Drop,EXW,Air,1/28/15,2/17/15,10-Jul-15,7-Jul-15,7-Jul-15,ARV,Adult,HETERO LABS LIMITED,"Efavirenz/Lamivudine/Tenofovir Disoproxil Fumarate 600/300/300mg, tablets, 30 Tabs",Efavirenz/Lamivudine/Tenofovir Disoproxil Fumarate,Generic,600/300/300mg,Tablet - FDC,30,17760,177600.0,10.0,0.33,Hetero Unit III Hyderabad IN,Yes,2523,4784.19,209.04
77901,133-NG-T30,FPQ-10765,SCMS-162440,ASN-18172,Nigeria,PMO - US,Direct Drop,EXW,Air,10/5/12,10/16/12,9-Jan-13,21-Feb-13,21-Feb-13,HRDT,HIV test,"Orgenics, Ltd","HIV 1/2, Determine Complete HIV Kit, 100 Tests","HIV 1/2, Determine Complete HIV Kit",Determine,,Test kit,100,2744,244216.0,89.0,0.89,"Alere Medical Co., Ltd.",Yes,1235,88176.17,342.39
47536,102-BW-T30,FPQ-6645,SCMS-92630,ASN-9552,Botswana,PMO - US,Direct Drop,EXW,Air,11/11/10,12/2/10,2-Mar-11,2-Mar-11,2-Mar-11,HRDT,HIV test,"Orgenics, Ltd","HIV 1/2, Determine Complete HIV Kit, 100 Tests","HIV 1/2, Determine Complete HIV Kit",Determine,,Test kit,100,10,800.0,80.0,0.8,Inverness Japan,Yes,5,767.63,1.32
44860,108-VN-T30,FPQ-16194,SCMS-285490,ASN-33146,Vietnam,PMO - US,Direct Drop,EXW,Air,4/14/15,5/13/15,7-Sep-15,7-Sep-15,7-Sep-15,ARV,Adult,HETERO LABS LIMITED,"Efavirenz/Lamivudine/Tenofovir Disoproxil Fumarate 600/300/300mg, tablets, 30 Tabs",Efavirenz/Lamivudine/Tenofovir Disoproxil Fumarate,Generic,600/300/300mg,Tablet - FDC,30,2196,20862.0,9.5,0.32,Hetero Unit III Hyderabad IN,Yes,Weight Captured Separately,Invoiced Separately,24.55
5976,117-ET-T01,Pre-PQ Process,SCMS-28720,ASN-2579,Ethiopia,PMO - US,Direct Drop,EXW,Air,Pre-PQ Process,8/22/08,6-Oct-08,3-Oct-08,3-Oct-08,HRDT,HIV test,"SHANGHAI KEHUA BIOENGINEERING CO.,LTD.  (KHB)","HIV 1/2, SKB Colloidal Gold, Diagnostic Kit, Antibody, 50 Tests","HIV 1/2, Colloidal Gold, Diagnostic Kit, Antibody",Colloidal Gold,,Test kit,1,6998,160954.0,23.0,23.0,"KHB Test Kit Facility, Shanghai China",Yes,5057,44347.71,257.53
83154,114-UG-T30,FPQ-11133,SO-43874,DN-3285,Uganda,PMO - US,From RDC,N/A - From RDC,Truck,12/13/12,N/A - From RDC,30-Aug-13,30-Aug-13,30-Aug-13,ARV,Pediatric,SCMS from RDC,"Efavirenz 200mg, scored tablets, 90 Tabs",Efavirenz,Generic,200mg,Tablet,90,338,2467.4,7.3,0.08,"Strides, Bangalore, India.",Yes,25,759.79,3.05
24766,116-ZA-T30,FPQ-5535,SCMS-71370,ASN-7373,South Africa,PMO - US,Direct Drop,DDP,Truck,4/19/10,4/21/10,31-May-10,31-May-10,31-May-10,ARV,Adult,S. BUYS WHOLESALER,"Tenofovir Disoproxil Fumarate 300mg [Viread], tablets, 30 Tabs",Tenofovir Disoproxil Fumarate,Viread,300mg,Tablet,30,1200,34631.24,28.86,0.96,"Aspen-OSD, Port Elizabeth, SA",No,Weight Captured Separately,Freight Included in Commodity Cost,74.66
3421,131-NG-T01,Pre-PQ Process,SCMS-26482,ASN-2589,Nigeria,PMO - US,Direct Drop,CIP,Air,Pre-PQ Process,9/17/08,10-Oct-08,10-Oct-08,10-Oct-08,ARV,Adult,MERCK SHARP & DOHME IDEA GMBH (FORMALLY MERCK SHARP & DOHME B.V.),"Efavirenz/Emtricitabine/Tenofovir Disoproxil Fumarate 600/200/300mg [Atripla], tablets, 30 Tabs",Efavirenz/Emtricitabine/Tenofovir Disoproxil Fumarate,Atripla,600/200/300mg,Tablet - FDC,30,5900,297360.0,50.4,1.68,"MSD, Haarlem, NL",Yes,493,1727.2,475.78
85775,110-ZM-T30,FPQ-7085,SO-38731,DN-2280,Zambia,PMO - US,From RDC,N/A - From RDC,Truck,2/3/11,N/A - From RDC,18-Aug-11,5-Aug-11,5-Aug-11,ARV,Adult,SCMS from RDC,"Zidovudine 300mg, tablets, 60 Tabs",Zidovudine,Generic,300mg,Tablet,60,26000,187460.0,7.21,0.12,Hetero Unit III Hyderabad IN,Yes,1405,3949.19,309.31
45648,101-CD-T30,FPQ-13548,SCMS-224840,ASN-24721,"Congo, DRC",PMO - US,Direct Drop,EXW,Air,1/22/14,1/28/14,4-Apr-14,4-Apr-14,28-Apr-14,HRDT,HIV test,"Trinity Biotech, Plc","HIV 1/2, Uni-Gold HIV Kit, 20 Tests","HIV 1/2, Uni-Gold HIV Kit",Uni-Gold,,Test kit,20,90,2880.0,32.0,1.6,"Trinity Biotech, Plc",No,See ASN-24721 (ID#:13708),See ASN-24721 (ID#:13708),2.96
86575,110-ZM-T30,FPQ-10728,SO-43460,DN-3186,Zambia,PMO - US,From RDC,N/A - From RDC,Truck,10/5/12,N/A - From RDC,28-Jun-13,7-Jun-13,7-Jun-13,ARV,Adult,SCMS from RDC,"Lamivudine/Zidovudine 150/300mg, tablets, 60 Tabs",Lamivudine/Zidovudine,Generic,150/300mg,Tablet - FDC,60,12873,90111.0,7.0,0.12,"Cipla, Goa, India",No,See DN-3186 (ID#:83688),See DN-3186 (ID#:83688),126.34
44516,104-CI-T30,FPQ-11294,SCMS-173130,ASN-19140,Côte d'Ivoire,PMO - US,Direct Drop,EXW,Air,12/14/12,1/15/13,26-Apr-13,26-Apr-13,26-Apr-13,HRDT,HIV test,"Orgenics, Ltd","HIV 1/2, Determine Complete HIV Kit, 100 Tests","HIV 1/2, Determine Complete HIV Kit",Determine,,Test kit,100,2104,168320.0,80.0,0.8,"Alere Medical Co., Ltd.",Yes,917,16661.34,208.21
12188,106-HT-T01,Pre-PQ Process,SO-2042,DN-682,Haiti,PMO - US,From RDC,N/A - From RDC,Air,Pre-PQ Process,N/A - From RDC,21-Mar-08,21-Mar-08,21-Mar-08,ARV,Adult,SCMS from RDC,"Abacavir 300mg, tablets, 60 Tabs",Abacavir,Generic,300mg,Tablet,60,190,5230.7,27.53,0.46,Mylan (formerly Matrix) Nashik,No,See DN-682 (ID#:10963),See DN-682 (ID#:10963),8.37
78946,113-ZW-T30,FPQ-13939,SCMS-234720,ASN-26120,Zimbabwe,PMO - US,Direct Drop,EXW,Air,4/1/14,5/8/14,14-Jun-14,14-Jun-14,16-Jun-14,ARV,Adult,Aurobindo Pharma Limited,"Lamivudine/Tenofovir Disoproxil Fumarate 300/300mg, tablets, 30 Tabs",Lamivudine/Tenofovir Disoproxil Fumarate,Generic,300/300mg,Tablet - FDC,30,24540,114111.0,4.65,0.16,"Aurobindo Unit VII, IN",Yes,2448,20407.95,117.31
83487,104-CI-T30,FPQ-6891,SO-38710,DN-2120,Côte d'Ivoire,PMO - US,From RDC,N/A - From RDC,Air,12/21/10,N/A - From RDC,28-Feb-11,28-Feb-11,28-Feb-11,ARV,Adult,SCMS from RDC,"Stavudine 30mg, capsules, 60 Caps",Stavudine,Generic,30mg,Capsule,60,2070,2898.0,1.4,0.02,"Aurobindo Unit III, India",Yes,176,1653.99,4.78
85390,101-CD-T30,FPQ-12088,SO-45030,DN-3269,"Congo, DRC",PMO - US,From RDC,N/A - From RDC,Air,4/12/13,N/A - From RDC,28-Aug-13,8-Feb-14,11-Mar-14,ARV,Pediatric,SCMS from RDC,"Lamivudine/Zidovudine 30/60mg, tablets, 60 Tabs",Lamivudine/Zidovudine,Generic,30/60mg,Tablet - FDC,60,1413,3193.38,2.26,0.04,"Aurobindo Unit III, India",No,See DN-3269 (ID#:83711),See DN-3269 (ID#:83711),3.95
84108,111-MZ-T30,FPQ-7053,SO-38636,DN-2340,Mozambique,PMO - US,From RDC,N/A - From RDC,Truck,1/24/11,N/A - From RDC,30-Nov-11,30-Nov-11,30-Nov-11,ARV,Pediatric,SCMS from RDC,"Zidovudine 10mg/ml, oral solution w/syringe, Bottle, 240 ml",Zidovudine,Generic,10mg/ml,Oral solution,240,9400,18988.0,2.02,0.01,"Aurobindo Unit III, India",Yes,3642,5678.14,31.33
42361,116-ZA-T30,FPQ-15269,SCMS-267020,ASN-29764,South Africa,PMO - US,Direct Drop,DDP,Truck,10/29/14,12/10/14,10-Dec-14,10-Dec-14,10-Dec-14,ARV,Adult,S. BUYS WHOLESALER,"Zidovudine 300mg, tablets, 60 Tabs",Zidovudine,Generic,300mg,Tablet,60,13,287.28,22.1,0.37,"Aurobindo Unit III, India",No,Weight Captured Separately,Freight Included in Commodity Cost,0.34
1723,116-ZA-T01,Pre-PQ Process,SCMS-21460,ASN-2291,South Africa,PMO - US,Direct Drop,DDP,,Pre-PQ Process,4/4/08,25-Apr-08,25-Apr-08,25-Apr-08,ARV,Adult,S. BUYS WHOLESALER,"Zidovudine 300mg [Retrovir], tablets, 60 Tabs",Zidovudine,Retrovir,300mg,Tablet,60,300,4155.0,13.85,0.23,GSK Aranda,Yes,Weight Captured Separately,Freight Included in Commodity Cost,6.65
39708,104-CI-T30,FPQ-3967,SCMS-52650,ASN-5060,Côte d'Ivoire,PMO - US,Direct Drop,FCA,Air,8/21/09,9/11/09,23-Oct-09,23-Oct-09,23-Oct-09,ARV,Adult,ABBVIE LOGISTICS (FORMERLY ABBOTT LOGISTICS BV),"Ritonavir 100mg [Norvir], capsules, cool, 4 x 84 Caps",Ritonavir,Norvir,100mg,Capsule,336,300,11508.0,38.36,0.11,ABBVIE (Abbott) Logis. UK,Yes,546,4901.51,22.56
86631,105-GY-T30,FPQ-12619,SO-46090,DN-3425,Guyana,PMO - US,From RDC,N/A - From RDC,Air,7/16/13,N/A - From RDC,31-Dec-13,2-Dec-13,20-Dec-13,ARV,Adult,SCMS from RDC,"Abacavir 300mg, tablets, 60 Tabs",Abacavir,Generic,300mg,Tablet,60,67,767.82,11.46,0.19,"Aurobindo Unit III, India",No,See DN-3425 (ID#:82618),See DN-3425 (ID#:82618),0.95
44612,108-VN-T30,FPQ-5317,SCMS-69730,ASN-8447,Vietnam,PMO - US,Direct Drop,EXW,Air,3/22/10,3/29/10,9-Nov-10,9-Nov-10,9-Nov-10,ARV,Adult,MYLAN LABORATORIES LTD (FORMERLY MATRIX LABORATORIES),"Efavirenz 600mg, tablets, 30 Tabs",Efavirenz,Generic,600mg,Tablet,30,40890,175827.0,4.3,0.14,Mylan (formerly Matrix) Nashik,Yes,3329,10455.35,379.08
48640,102-BI-T30,FPQ-15186,SCMS-260820,ASN-32560,Burundi,PMO - US,Direct Drop,EXW,Air,10/17/14,11/12/14,6-Jul-15,6-Jul-15,8-Jul-15,HRDT,HIV test,"CHEMBIO DIAGNOSTIC SYSTEMS, INC.","HIV 1/2, Stat-Pak Dipstick Assay Kit, 30 Tests","HIV 1/2, Stat-Pak Dipstick Assay Kit",Stat-Pak,,Test kit,30,594,16394.4,27.6,0.92,Chembio Diagnostics Sys. Inc.,Yes,63,877.52,19.3
12851,104-CI-T01,Pre-PQ Process,SO-21880,DN-1152,Côte d'Ivoire,PMO - US,From RDC,N/A - From RDC,Air,Pre-PQ Process,N/A - From RDC,30-Apr-09,30-Apr-09,30-Apr-09,ARV,Adult,SCMS from RDC,"Tenofovir Disoproxil Fumarate 300mg, tablets, 30 Tabs",Tenofovir Disoproxil Fumarate,Generic,300mg,Tablet,30,2200,29216.0,13.28,0.44,Mylan (formerly Matrix) Nashik,No,See DN-1152 (ID#:11010),See DN-1152 (ID#:11010),57.26
58918,116-ZA-T30,FPQ-4054,SCMS-51250,ASN-5056,South Africa,PMO - US,Direct Drop,DDP,Truck,7/29/09,8/7/09,24-Aug-09,24-Aug-09,24-Aug-09,ARV,Adult,S. BUYS WHOLESALER,"Lamivudine 150mg [Epivir], tablets, 60 Tabs",Lamivudine,Epivir,150mg,Tablet,60,3000,19702.5,6.57,0.11,GSK Cape Town Factory (South Africa),No,Weight Captured Separately,Freight Included in Commodity Cost,38.62
85018,102-BI-T30,FPQ-15406,SO-50270,DN-4144,Burundi,PMO - US,From RDC,N/A - From RDC,Air,11/19/14,N/A - From RDC,27-Feb-15,28-Feb-15,5-Mar-15,ARV,Adult,SCMS from RDC,"Efavirenz/Lamivudine/Tenofovir Disoproxil Fumarate 600/300/300mg, tablets, 30 Tabs",Efavirenz/Lamivudine/Tenofovir Disoproxil Fumarate,Generic,600/300/300mg,Tablet - FDC,30,9360,89856.0,9.6,0.32,Mylan (formerly Matrix) Nashik,No,See DN-4144 (ID#:82781),See DN-4144 (ID#:82781),105.76
12752,112-NG-T01,Pre-PQ Process,SO-567,DN-475,Nigeria,PMO - US,From RDC,N/A - From RDC,Air,Pre-PQ Process,N/A - From RDC,3-Dec-07,3-Dec-07,3-Dec-07,ARV,Adult,SCMS from RDC,"Lamivudine/Nevirapine/Stavudine 150/200/30mg, tablets, 60 Tabs",Lamivudine/Nevirapine/Stavudine,Generic,150/200/30mg,Tablet - FDC,60,1542,11565.0,7.5,0.12,"Cipla, Goa, India",No,See DN-475 (ID#:10642),See DN-475 (ID#:10642),18.5
83067,105-GY-T30,FPQ-10252,SO-42780,DN-2811,Guyana,PMO - US,From RDC,N/A - From RDC,Air,7/5/12,N/A - From RDC,2-Oct-12,29-Aug-12,29-Aug-12,ARV,Pediatric,SCMS from RDC,"Efavirenz 200mg, capsule, 90 Caps",Efavirenz,Generic,200mg,Capsule,90,52,429.52,8.26,0.09,"Aurobindo Unit III, India",Yes,38,4718.3,0.6
57866,114-UG-T30,FPQ-12290,SCMS-192210,ASN-22576,Uganda,PMO - US,Direct Drop,EXW,Air,5/17/13,6/24/13,21-Nov-13,21-Nov-13,22-Nov-13,ARV,Adult,MYLAN LABORATORIES LTD (FORMERLY MATRIX LABORATORIES),"Atazanavir 300mg, capsules, 30 Caps",Atazanavir,Generic,300mg,Capsule,30,1946,29190.0,15.0,0.5,Mylan (formerly Matrix) Nashik,Yes,122,1249.78,36.11
70559,108-VN-T30,FPQ-7565,SCMS-107631,ASN-11363,Vietnam,PMO - US,Direct Drop,EXW,Air,4/21/11,5/2/11,26-Jul-11,26-Jul-11,26-Jul-11,ARV,Adult,STRIDES ARCOLAB LIMITED,"Lamivudine 150mg, tablets, 60 Tabs",Lamivudine,Generic,150mg,Tablet,60,50000,117500.0,2.35,0.04,"Strides, Bangalore, India.",Yes,2537,9145.1,193.88
7477,116-ZA-T01,Pre-PQ Process,SCMS-33320,ASN-3553,South Africa,PMO - US,Direct Drop,DDP,Truck,Pre-PQ Process,Date Not Captured,17-May-09,9-Oct-08,9-Oct-08,ARV,Pediatric,S. BUYS WHOLESALER,"Didanosine 25mg [Videx], chewable tablets, 60 Tabs",Didanosine,Videx,25mg,Chewable/dispersible tablet,60,10,123.1,12.31,0.21,"BMS Meymac, France",No,Weight Captured Separately,Freight Included in Commodity Cost,0.24
3899,116-ZA-T01,Pre-PQ Process,SCMS-47070,ASN-4940,South Africa,PMO - US,Direct Drop,DDP,Truck,Pre-PQ Process,6/5/09,8-Sep-09,31-Aug-09,31-Aug-09,ARV,Adult,S. BUYS WHOLESALER,"Tenofovir Disoproxil Fumarate 300mg [Viread], tablets, 30 Tabs",Tenofovir Disoproxil Fumarate,Viread,300mg,Tablet,30,300,7440.0,24.8,0.83,"Aspen-OSD, Port Elizabeth, SA",Yes,Weight Captured Separately,Freight Included in Commodity Cost,14.58
46228,103-ZW-T30,FPQ-13969,SCMS-239220,ASN-27095,Zimbabwe,PMO - US,Direct Drop,EXW,Air,4/8/14,5/16/14,30-Jul-14,30-Jul-14,31-Jul-14,ARV,Pediatric,MYLAN LABORATORIES LTD (FORMERLY MATRIX LABORATORIES),"Lamivudine/Zidovudine 30/60mg, tablets, 60 Tabs",Lamivudine/Zidovudine,Generic,30/60mg,Tablet - FDC,60,48127,95772.73,1.99,0.03,Mylan (formerly Matrix) Nashik,Yes,2383,18232.17,98.45
82654,101-CD-T30,FPQ-13554,SO-47630,DN-3561,"Congo, DRC",PMO - US,From RDC,N/A - From RDC,Air,1/15/14,N/A - From RDC,30-May-14,19-May-14,26-Jun-14,ARV,Adult,SCMS from RDC,"Abacavir 300mg, tablets, 60 Tabs",Abacavir,Generic,300mg,Tablet,60,489,5555.04,11.36,0.19,"Aurobindo Unit III, India",Yes,2045,16083.32,5.71
31740,161-ZA-T30,FPQ-6262,SCMS-83830,ASN-9486,South Africa,PMO - US,Direct Drop,DDP,Ocean,8/31/10,9/24/10,4-Mar-11,4-Mar-11,4-Mar-11,ARV,Pediatric,Aurobindo Pharma Limited,"Lamivudine 10mg/ml, oral solution w/syringe, Bottle, 240 ml",Lamivudine,Generic,10mg/ml,Oral solution,240,6736,13606.72,2.02,0.01,"Aurobindo Unit III, India",No,See ASN-9486 (ID#:24187),See ASN-9486 (ID#:24187),29.34
33799,109-TZ-T30,FPQ-13048,SCMS-210890,ASN-23967,Tanzania,PMO - US,Direct Drop,FCA,Air,10/3/13,10/31/13,7-Mar-14,7-Mar-14,11-Mar-14,ARV,Pediatric,ABBVIE LOGISTICS (FORMERLY ABBOTT LOGISTICS BV),"Lopinavir/Ritonavir 100/25mg [Aluvia], tablets, 60 Tabs",Lopinavir/Ritonavir,Generic,100/25mg,Tablet,60,1742,10347.48,5.94,0.1,ABBVIE Ludwigshafen Germany,Yes,208,2336.46,12.8
84334,151-NG-T30,FPQ-11864,SO-44920,DN-3540,Nigeria,PMO - US,From RDC,N/A - From RDC,Air Charter,3/14/13,N/A - From RDC,28-Feb-14,10-Feb-14,19-Feb-14,ARV,Pediatric,SCMS from RDC,"Abacavir/Lamivudine 60/30mg, tablets, 60 Tabs",Abacavir/Lamivudine,Generic,60/30mg,Tablet - FDC,60,2085,8340.0,4.0,0.07,"Aurobindo Unit III, India",Yes,122,30936.1,10.32
12658,111-MZ-T01,Pre-PQ Process,SO-671,DN-189,Mozambique,PMO - US,From RDC,N/A - From RDC,Air,Pre-PQ Process,N/A - From RDC,20-Jun-07,20-Jun-07,20-Jun-07,ARV,Adult,SCMS from RDC,"Lamivudine/Nevirapine/Stavudine 150/200/30mg, tablets, 60 Tabs",Lamivudine/Nevirapine/Stavudine,Generic,150/200/30mg,Tablet - FDC,60,62000,458800.0,7.4,0.12,"Cipla, Goa, India",Yes,5778,20299,734.08
26821,109-TZ-T30,FPQ-4157,SCMS-52774,ASN-5621,Tanzania,PMO - US,Direct Drop,EXW,Air,8/27/09,9/3/09,11-Dec-09,11-Dec-09,11-Dec-09,HRDT,HIV test,"Orgenics, Ltd","HIV 1/2, Determine HIV Kit, without Lancets, 100 Tests","HIV 1/2, Determine HIV Kit, without Lancets",Determine,,Test kit,100,950,66500.0,70.0,0.7,Inverness Japan,Yes,216,3744.18,130.34
38409,109-TZ-T30,FPQ-6936,SCMS-100640,ASN-10166,Tanzania,PMO - US,Direct Drop,EXW,Air,12/27/10,2/25/11,26-Apr-11,26-Apr-11,26-Apr-11,HRDT,HIV test,"Trinity Biotech, Plc","HIV 1/2, Uni-Gold HIV Kit, 20 Tests","HIV 1/2, Uni-Gold HIV Kit",Uni-Gold,,Test kit,20,625,20000.0,32.0,1.6,"Trinity Biotech, Plc",Yes,200,2918.12,33.0
84900,101-CD-T30,FPQ-13554,SO-47630,DN-3561,"Congo, DRC",PMO - US,From RDC,N/A - From RDC,Air,1/15/14,N/A - From RDC,30-May-14,19-May-14,26-Jun-14,ARV,Adult,SCMS from RDC,"Lopinavir/Ritonavir 200/50mg, tablets, 120 Tabs",Lopinavir/Ritonavir,Generic,200/50mg,Tablet,120,777,15912.96,20.48,0.17,Mylan (formerly Matrix) Nashik,No,See DN-3561 (ID#:82654),See DN-3561 (ID#:82654),16.36
39647,108-VN-T30,FPQ-7565,SCMS-107610,ASN-11722,Vietnam,PMO - US,Direct Drop,EXW,Air,4/21/11,5/4/11,5-Sep-11,5-Sep-11,5-Sep-11,ARV,Adult,Aurobindo Pharma Limited,"Lamivudine/Nevirapine/Zidovudine 150/200/300mg, tablets, 60 Tabs",Lamivudine/Nevirapine/Zidovudine,Generic,150/300/200mg,Tablet - FDC,60,20000,219000.0,10.95,0.18,"Aurobindo Unit III, India",Yes,2675,9656.19,361.35
14252,114-UG-T30,FPQ-13116,SCMS-212350,ASN-24417,Uganda,PMO - US,Direct Drop,EXW,Air,10/23/13,10/30/13,21-Mar-14,21-Mar-14,21-Mar-14,ARV,Pediatric,CIPLA LIMITED,"Lamivudine/Zidovudine 30/60mg, dispersible tablets, 60 Tabs",Lamivudine/Zidovudine,Generic,30/60mg,Chewable/dispersible tablet - FDC,60,7445,16676.8,2.24,0.04,"Cipla, Goa, India",Yes,574,3868.24,17.14
12041,107-RW-T01,Pre-PQ Process,SO-481,DN-100,Rwanda,PMO - US,From RDC,N/A - From RDC,Air,Pre-PQ Process,N/A - From RDC,14-May-07,14-May-07,14-May-07,ARV,Adult,SCMS from RDC,"Lamivudine 150mg, tablets, 60 Tabs",Lamivudine,Generic,150mg,Tablet,60,1267,4193.77,3.31,0.06,"Ranbaxy, Paonta Shahib, India",No,See DN-100 (ID#:10823),See DN-100 (ID#:10823),
86065,104-CI-T30,FPQ-12800,SO-46380,DN-3601,Côte d'Ivoire,PMO - US,From RDC,N/A - From RDC,Air,8/9/13,N/A - From RDC,31-Mar-14,14-Apr-14,22-May-14,ARV,Adult,SCMS from RDC,"Lamivudine 150mg, tablets, 60 Tabs",Lamivudine,Generic,150mg,Tablet,60,519,1115.85,2.15,0.04,"Micro labs, Verna, Goa, India",No,See DN-3601 (ID#:85453),See DN-3601 (ID#:85453),1.38
81050,114-UG-T30,FPQ-12477,SCMS-198701,ASN-21881,Uganda,PMO - US,Direct Drop,EXW,Ocean,7/8/13,9/10/13,7-Nov-13,7-Nov-13,13-Nov-13,ARV,Adult,STRIDES ARCOLAB LIMITED,"Efavirenz 600mg, tablets, 30 Tabs",Efavirenz,Generic,600mg,Tablet,30,63652,203049.88,3.19,0.11,"Strides, Bangalore, India.",Yes,3963,12961.76,251.17
83919,151-NG-T30,FPQ-16313,SO-51440,DN-4282,Nigeria,PMO - US,From RDC,N/A - From RDC,Air,5/4/15,N/A - From RDC,30-Jun-15,22-Jun-15,29-Jun-15,ARV,Adult,SCMS from RDC,"Lamivudine/Tenofovir Disoproxil Fumarate 300/300mg, tablets, 30 Tabs",Lamivudine/Tenofovir Disoproxil Fumarate,Generic,300/300mg,Tablet - FDC,30,55851,256356.09,4.59,0.15,Hetero Unit III Hyderabad IN,Yes,6183,47281.56,301.73
85969,151-NG-T30,FPQ-11022,SO-43852,DN-3173,Nigeria,PMO - US,From RDC,N/A - From RDC,Air Charter,11/15/12,N/A - From RDC,4-Jun-13,10-May-13,10-May-13,ARV,Adult,SCMS from RDC,"Efavirenz 600mg, tablets, 30 Tabs",Efavirenz,Generic,600mg,Tablet,30,47091,156813.03,3.33,0.11,"Strides, Bangalore, India.",No,See DN-3173 (ID#:83687),See DN-3173 (ID#:83687),193.98
80665,900-SZ-T30,FPQ-8386,SCMS-122650,ASN-12532,Swaziland,PMO - US,Direct Drop,EXW,Air,9/14/11,9/22/11,16-Nov-11,16-Nov-11,16-Nov-11,ARV,Adult,MYLAN LABORATORIES LTD (FORMERLY MATRIX LABORATORIES),"Efavirenz/Lamivudine/Tenofovir Disoproxil Fumarate 600/300/300mg, tablets, 30 Tabs",Efavirenz/Lamivudine/Tenofovir Disoproxil Fumarate,Generic,600/300/300mg,Tablet - FDC,30,41700,587970.0,14.1,0.47,Mylan (formerly Matrix) Nashik,Yes,4900,29478.42,970.15
43347,122-HT-T30,FPQ-8635,SCMS-132180,ASN-13412,Haiti,PMO - US,Direct Drop,EXW,Air,12/7/11,12/30/11,18-Jan-12,18-Jan-12,18-Jan-12,ANTM,Malaria,AMSTELFARMA B.V.,"Chloroquine 150mg base (as phosphate), tablets, 1000 Tabs",Chloroquine base (as phosphate),Generic,150mg,Tablet,1000,3000,27750.0,9.25,0.01,"Medopharm Malur Factory, INDIA",No,See ASN-13412 (ID#:16085),See ASN-13412 (ID#:16085),38.91
20952,116-ZA-T30,FPQ-13973,SCMS-238556,ASN-31854,South Africa,PMO - US,Direct Drop,DDP,Truck,4/30/14,4/28/15,28-Apr-15,28-Apr-15,28-Apr-15,ARV,Adult,PHARMACY DIRECT,"Didanosine 400mg, delayed-release capsules, 30 Caps",Didanosine,Generic,400mg,Delayed-release capsules,30,4,78.7,19.68,0.66,"Aurobindo Unit III, India",Yes,Weight Captured Separately,Freight Included in Commodity Cost,0.08
28515,161-ZA-T30,FPQ-6262,SCMS-83790,ASN-9179,South Africa,PMO - US,Direct Drop,DDP,Ocean,8/31/10,9/24/10,6-Jan-11,31-Jan-11,31-Jan-11,ARV,Pediatric,Aurobindo Pharma Limited,"Nevirapine 10mg/ml, oral suspension w/syringe, Bottle, 240 ml",Nevirapine,Generic,10mg/ml,Oral suspension,240,14065,29817.8,2.12,0.01,"Aurobindo Unit III, India",Yes,6196,1220.84,64.29
41301,116-ZA-T30,FPQ-14942,SCMS-259073,ASN-30673,South Africa,PMO - US,Direct Drop,DDP,Truck,9/11/14,2/12/15,12-Feb-15,12-Feb-15,12-Feb-15,ARV,Adult,PHARMACY DIRECT,"Etravirine 100mg [Intelence], tablets, 120 Tabs",Etravirine,Intelence,100mg,Tablet,120,2,51.19,25.6,0.21,"Janssen-Cilag, Latina, IT",Yes,Weight Captured Separately,Freight Included in Commodity Cost,0.05
86605,105-GY-T30,FPQ-12047,SO-45050,DN-3331,Guyana,PMO - US,From RDC,N/A - From RDC,Air,4/15/13,N/A - From RDC,30-Sep-13,4-Oct-13,22-Oct-13,ARV,Adult,SCMS from RDC,"Lopinavir/Ritonavir 200/50mg [Aluvia], tablets, 120 Tabs",Lopinavir/Ritonavir,Aluvia,200/50mg,Tablet,120,1634,33039.48,20.22,0.17,ABBVIE Ludwigshafen Germany,No,See DN-3331 (ID#:82603),See DN-3331 (ID#:82603),40.87
12824,112-NG-T01,Pre-PQ Process,SO-2727,DN-888,Nigeria,PMO - US,From RDC,N/A - From RDC,Air,Pre-PQ Process,N/A - From RDC,31-Aug-08,31-Aug-08,31-Aug-08,ARV,Adult,SCMS from RDC,"Emtricitabine/Tenofovir Disoproxil Fumarate 200/300mg [Truvada], tablets, 30 Tabs",Emtricitabine/Tenofovir Disoproxil Fumarate,Truvada,300/200mg,Tablet - FDC,30,4,105.0,26.25,0.88,"Aspen-OSD, Port Elizabeth, SA",No,See DN-888 (ID#:11910),See DN-888 (ID#:11910),0.17
86388,151-NG-T30,FPQ-7217,SO-39700,DN-2229,Nigeria,PMO - US,From RDC,N/A - From RDC,Air Charter,2/21/11,N/A - From RDC,15-Jun-11,6-Jul-11,6-Jul-11,ARV,Adult,SCMS from RDC,"Nevirapine 200mg, tablets, 60 Tabs",Nevirapine,Generic,200mg,Tablet,60,64995,163137.45,2.51,0.04,"Strides, Bangalore, India.",Yes,4618,13398.06,269.18
2687,108-VN-T01,Pre-PQ Process,SCMS-169,ASN-272,Vietnam,PMO - US,Direct Drop,EXW,Air,Pre-PQ Process,11/15/06,14-Mar-07,14-Mar-07,14-Mar-07,ARV,Pediatric,CIPLA LIMITED,"Lamivudine 10mg/ml, oral solution, Bottle, 240 ml",Lamivudine,Generic,10mg/ml,Oral solution,240,1000,2440.0,2.44,0.01,"Cipla, Goa, India",No,See ASN-272 (ID#:1282),See ASN-272 (ID#:1282),
10962,125-HT-T01,Pre-PQ Process,SO-1291,DN-686,Haiti,PMO - US,From RDC,N/A - From RDC,Air,Pre-PQ Process,N/A - From RDC,3-Apr-08,3-Apr-08,3-Apr-08,HRDT,HIV test,SCMS from RDC,"HIV 1/2, Determine HIV Kit, without Lancets, 100 Tests","HIV 1/2, Determine HIV Kit, without Lancets",Determine,,Test kit,100,25,1800.0,72.0,0.72,Inverness Japan,No,See DN-686 (ID#:10691),See DN-686 (ID#:10691),2.88
1587,116-ZA-T01,Pre-PQ Process,SCMS-16600,ASN-1520,South Africa,PMO - US,Direct Drop,DDP,,Pre-PQ Process,1/4/08,21-Jan-08,4-Jan-08,4-Jan-08,ARV,Adult,"JSI R&T INSTITUTE, INC.","Stavudine 20mg [Zerit], capsules, 60 Caps",Stavudine,Zerit,20mg,Capsule,60,100,573.0,5.73,0.1,"BMS Meymac, France",No,Weight Captured Separately,Freight Included in Commodity Cost,0.92
84982,105-GY-T30,FPQ-14042,SO-48522,DN-3945,Guyana,PMO - US,From RDC,N/A - From RDC,Air,4/9/14,N/A - From RDC,30-Sep-14,31-Oct-14,14-Nov-14,ARV,Pediatric,SCMS from RDC,"Abacavir 20mg/ml, oral solution w/syringe, Bottle, 240 ml",Abacavir,Generic,20mg/ml,Oral solution,240,100,838.0,8.38,0.03,"Aurobindo Unit III, India",Yes,44,863.24,0.86
75751,108-VN-T30,FPQ-5899,SCMS-77260,ASN-8928,Vietnam,PMO - US,Direct Drop,EXW,Air,6/23/10,7/1/10,7-Dec-10,7-Dec-10,7-Dec-10,ARV,Adult,Aurobindo Pharma Limited,"Zidovudine 300mg, tablets, 60 Tabs",Zidovudine,Generic,300mg,Tablet,60,336,2436.0,7.25,0.12,"Aurobindo Unit III, India",Yes,19,8495.83,5.25
86007,103-DO-T30,FPQ-11920,SO-46150,DN-3355,Dominican Republic,PMO - US,From RDC,N/A - From RDC,Air,3/18/13,N/A - From RDC,29-Oct-13,10-Oct-13,29-Oct-13,ARV,Adult,SCMS from RDC,"Lamivudine 150mg, tablets, 60 Tabs",Lamivudine,Generic,150mg,Tablet,60,6617,13167.83,1.99,0.03,Hetero Unit III Hyderabad IN,No,See DN-3355 (ID#:83726),See DN-3355 (ID#:83726),16.29
772,131-NG-T01,Pre-PQ Process,SCMS-30502,ASN-3653,Nigeria,PMO - US,Direct Drop,CIP,Air,Pre-PQ Process,3/6/09,10-Mar-09,8-Apr-09,8-Apr-09,ARV,Adult,MERCK SHARP & DOHME IDEA GMBH (FORMALLY MERCK SHARP & DOHME B.V.),"Efavirenz/Emtricitabine/Tenofovir Disoproxil Fumarate 600/200/300mg [Atripla], tablets, 30 Tabs",Efavirenz/Emtricitabine/Tenofovir Disoproxil Fumarate,Atripla,600/200/300mg,Tablet - FDC,30,9,453.6,50.4,1.68,"MSD, Haarlem, NL",Yes,Weight Captured Separately,Freight Included in Commodity Cost,0.89
29596,107-RW-T30,FPQ-10223,SCMS-152930,ASN-16792,Rwanda,PMO - US,Direct Drop,EXW,Ocean,7/5/12,7/18/12,10-Dec-12,10-Dec-12,10-Dec-12,ARV,Adult,MICRO LABS LIMITED,"Nevirapine 200mg, tablets, 60 Tabs",Nevirapine,Generic,200mg,Tablet,60,171925,388550.5,2.26,0.04,"Micro labs, Verna, Goa, India",Yes,15683,36173.15,544.75
3898,116-ZA-T01,Pre-PQ Process,SCMS-47051,ASN-4836,South Africa,PMO - US,Direct Drop,DDP,Truck,Pre-PQ Process,6/5/09,12-Oct-09,28-Jul-09,28-Jul-09,ARV,Adult,S. BUYS WHOLESALER,"Saquinavir 200mg [Invirase], capsules, 270 Caps",Saquinavir,Invirase,200mg,Capsule,270,30,2298.0,76.6,0.28,Roche Basel,No,Weight Captured Separately,Freight Included in Commodity Cost,4.5
84714,109-TZ-T30,FPQ-8297,SO-40610,DN-2598,Tanzania,PMO - US,From RDC,N/A - From RDC,Truck,8/22/11,N/A - From RDC,4-May-12,11-Apr-12,11-Apr-12,ARV,Adult,SCMS from RDC,"Lamivudine/Zidovudine 150/300mg, tablets, 60 Tabs",Lamivudine/Zidovudine,Generic,150/300mg,Tablet - FDC,60,150446,1242683.96,8.26,0.14,Hetero Unit III Hyderabad IN,No,See DN-2598 (ID#:82465),See DN-2598 (ID#:82465),2050.43
12045,100-CI-T01,Pre-PQ Process,SO-285,DN-74,Côte d'Ivoire,PMO - US,From RDC,N/A - From RDC,,Pre-PQ Process,N/A - From RDC,30-Apr-07,30-Apr-07,30-Apr-07,ARV,Adult,SCMS from RDC,"Tenofovir Disoproxil Fumarate 300mg [Viread], tablets, 30 Tabs",Tenofovir Disoproxil Fumarate,Viread,300mg,Tablet,30,456,7752.0,17.0,0.57,Gilead(Nycomed) Oranienburg DE,Yes,682,2527,
11951,104-CI-T01,Pre-PQ Process,SO-16223,DN-1112,Côte d'Ivoire,PMO - US,From RDC,N/A - From RDC,Air,Pre-PQ Process,N/A - From RDC,5-Mar-09,5-Mar-09,5-Mar-09,ARV,Pediatric,SCMS from RDC,"Stavudine 1mg/ml, powder for oral solution, 200 ml",Stavudine,Generic,1mg/ml,Oral solution,200,800,1120.0,1.4,0.01,"Aurobindo Unit III, India",Yes,77,1286,2.2
77519,108-VN-T30,FPQ-4266,SCMS-56530,ASN-7262,Vietnam,PMO - US,Direct Drop,EXW,Air,10/20/09,11/9/09,6-Jul-10,6-Jul-10,6-Jul-10,ARV,Adult,Aurobindo Pharma Limited,"Lamivudine/Zidovudine 150/300mg, tablets, 60 Tabs",Lamivudine/Zidovudine,Generic,150/300mg,Tablet - FDC,60,14952,128736.72,8.61,0.14,"Aurobindo Unit III, India",No,See ASN-7262 (ID#:25201),See ASN-7262 (ID#:25201),252.32
77552,133-NG-T30,FPQ-12456,SCMS-196561,ASN-22172,Nigeria,PMO - US,Direct Drop,EXW,Air,6/10/13,7/10/13,7-Nov-13,7-Nov-13,17-Nov-13,HRDT,HIV test,"Orgenics, Ltd","HIV 1/2, Determine Complete HIV Kit, 100 Tests","HIV 1/2, Determine Complete HIV Kit",Determine,,Test kit,100,3036,270204.0,89.0,0.89,"Alere Medical Co., Ltd.",Yes,1233,20602.3,334.24
79500,101-CD-T30,FPQ-16001,SCMS-280210,ASN-31750,"Congo, DRC",PMO - US,Direct Drop,EXW,Air,3/10/15,3/16/15,2-Jul-15,2-Jul-15,30-Jul-15,HRDT,HIV test,"Trinity Biotech, Plc","HIV 1/2, Uni-Gold HIV Kit, 20 Tests","HIV 1/2, Uni-Gold HIV Kit",Uni-Gold,,Test kit,20,353,11296.0,32.0,1.6,"Trinity Biotech, Plc",No,See ASN-31750 (ID#:19272),See ASN-31750 (ID#:19272),13.3
82944,104-CI-T30,FPQ-6891,SO-38540,DN-2153,Côte d'Ivoire,PMO - US,From RDC,N/A - From RDC,Air,12/21/10,N/A - From RDC,20-Apr-11,10-Jun-11,10-Jun-11,ARV,Adult,SCMS from RDC,"Lamivudine/Nevirapine/Zidovudine 150/200/300mg, tablets, 60 Tabs",Lamivudine/Nevirapine/Zidovudine,Generic,150/300/200mg,Tablet - FDC,60,45000,504900.0,11.22,0.19,Mylan (formerly Matrix) Nashik,No,See DN-2153 (ID#:82374),See DN-2153 (ID#:82374),833.08
85558,113-ZW-T30,FPQ-14458,SO-49170,DN-4112,Zimbabwe,PMO - US,From RDC,N/A - From RDC,Truck,6/13/14,N/A - From RDC,6-Mar-15,6-Feb-15,6-Feb-15,ARV,Adult,SCMS from RDC,"Efavirenz/Lamivudine/Tenofovir Disoproxil Fumarate 600/300/300mg, tablets, 30 Tabs",Efavirenz/Lamivudine/Tenofovir Disoproxil Fumarate,Generic,600/300/300mg,Tablet - FDC,30,74346,725616.96,9.76,0.33,Hetero Unit III Hyderabad IN,No,See DN-4112 (ID#:84448),See DN-4112 (ID#:84448),745.93
12694,114-UG-T01,Pre-PQ Process,SO-1081,DN-363,Uganda,PMO - US,From RDC,N/A - From RDC,,Pre-PQ Process,N/A - From RDC,16-Oct-07,16-Oct-07,16-Oct-07,ARV,Adult,SCMS from RDC,"Lamivudine/Zidovudine 150/300mg, tablets, 60 Tabs",Lamivudine/Zidovudine,Generic,150/300mg,Tablet - FDC,60,1350,12825.0,9.5,0.16,"Aurobindo Unit III, India",Yes,80,739,20.52
82954,100-BJ-T30,FPQ-7658,SO-39790,DN-2237,Benin,PMO - US,From RDC,N/A - From RDC,Air,5/15/11,N/A - From RDC,13-Jun-11,9-Jun-11,9-Jun-11,ARV,Adult,SCMS from RDC,"Efavirenz 600mg, tablets, 30 Tabs",Efavirenz,Generic,600mg,Tablet,30,72029,303962.38,4.22,0.14,Mylan (formerly Matrix) Nashik,Yes,7682,28541.79,501.54
40209,104-CI-T30,FPQ-6897,SCMS-101001,ASN-11637,Côte d'Ivoire,PMO - US,Direct Drop,FCA,Air,1/5/11,4/1/11,18-Aug-11,18-Aug-11,18-Aug-11,ARV,Adult,ABBVIE LOGISTICS (FORMERLY ABBOTT LOGISTICS BV),"Lopinavir/Ritonavir 200/50mg [Aluvia], tablets, 120 Tabs",Lopinavir/Ritonavir,Aluvia,200/50mg,Tablet,120,16695,562621.5,33.7,0.28,ABBVIE Ludwigshafen Germany,Yes,4113,30130.82,928.33
12046,100-CI-T01,Pre-PQ Process,SO-285,DN-74,Côte d'Ivoire,PMO - US,From RDC,N/A - From RDC,,Pre-PQ Process,N/A - From RDC,30-Apr-07,30-Apr-07,30-Apr-07,ARV,Adult,SCMS from RDC,"Lamivudine/Zidovudine 150/300mg, tablets, 60 Tabs",Lamivudine/Zidovudine,Generic,150/300mg,Tablet - FDC,60,6944,71176.0,10.25,0.17,"Aurobindo Unit III, India",No,See DN-74 (ID#:12045),See DN-74 (ID#:12045),
70991,161-ZA-T30,FPQ-7175,SCMS-103700,ASN-12628,South Africa,PMO - US,Direct Drop,DDP,Ocean,3/10/11,3/23/11,7-Dec-11,7-Dec-11,7-Dec-11,ARV,Adult,HETERO LABS LIMITED,"Efavirenz 600mg, tablets, 30 Tabs",Efavirenz,Generic,600mg,Tablet,30,92500,435675.0,4.71,0.16,Hetero Unit III Hyderabad IN,Yes,7878,8134.37,718.86
67142,104-CI-T30,FPQ-6663,SCMS-91840,ASN-9056,Côte d'Ivoire,PMO - US,Direct Drop,FCA,Air,11/4/10,11/11/10,14-Jan-11,14-Jan-11,14-Jan-11,ARV,Adult,ABBVIE LOGISTICS (FORMERLY ABBOTT LOGISTICS BV),"Lopinavir/Ritonavir 200/50mg [Aluvia], tablets, 120 Tabs",Lopinavir/Ritonavir,Aluvia,200/50mg,Tablet,120,10280,371724.8,36.16,0.3,ABBVIE Ludwigshafen Germany,Yes,2573,13562.35,613.35
12903,106-HT-T01,Pre-PQ Process,SO-32760,DN-1373,Haiti,PMO - US,From RDC,N/A - From RDC,Air,Date Not Captured,N/A - From RDC,31-Jul-09,31-Jul-09,31-Jul-09,ARV,Pediatric,SCMS from RDC,"Zidovudine 100mg, capsules, 100 Caps",Zidovudine,Generic,100mg,Capsule,100,1260,6300.0,5.0,0.05,"Aurobindo Unit III, India",No,See DN-1373 (ID#:11062),See DN-1373 (ID#:11062),12.35
85551,110-ZM-T30,FPQ-14162,SO-48680,DN-4082,Zambia,PMO - US,From RDC,N/A - From RDC,Truck,4/24/14,N/A - From RDC,30-Jan-15,19-Feb-15,20-Feb-15,ARV,Adult,SCMS from RDC,"Lamivudine/Zidovudine 150/300mg, tablets, 60 Tabs",Lamivudine/Zidovudine,Generic,150/300mg,Tablet - FDC,60,1846,12183.6,6.6,0.11,Hetero Unit III Hyderabad IN,No,See DN-4082 (ID#:85008),See DN-4082 (ID#:85008),12.52
82327,104-CI-T30,FPQ-4659,SO-35580,DN-1867,Côte d'Ivoire,PMO - US,From RDC,N/A - From RDC,Air,12/8/09,N/A - From RDC,28-Jun-10,21-Jun-10,21-Jun-10,ARV,Adult,SCMS from RDC,"Stavudine 20mg, capsules, 60 Caps",Stavudine,Generic,20mg,Capsule,60,1620,2316.6,1.43,0.02,"Aurobindo Unit III, India",No,See DN-1867 (ID#:82326),See DN-1867 (ID#:82326),4.99
11668,104-CI-T01,Pre-PQ Process,SO-27541,DN-1355,Côte d'Ivoire,PMO - US,From RDC,N/A - From RDC,Air,Date Not Captured,N/A - From RDC,4-Aug-09,4-Aug-09,4-Aug-09,ARV,Adult,SCMS from RDC,"Lamivudine/Zidovudine 150/300mg, tablets, 60 Tabs",Lamivudine/Zidovudine,Generic,150/300mg,Tablet - FDC,60,214,1874.64,8.76,0.15,"Aurobindo Unit III, India",Yes,19,1133,3.67
11756,111-MZ-T01,Pre-PQ Process,SO-298,DN-304,Mozambique,PMO - US,From RDC,N/A - From RDC,Air,Pre-PQ Process,N/A - From RDC,21-Sep-07,21-Sep-07,21-Sep-07,ARV,Pediatric,SCMS from RDC,"Efavirenz 50mg, capsule, 30 Caps",Efavirenz,Generic,50mg,Capsule,30,2414,8255.88,3.42,0.11,"Aurobindo Unit III, India",No,See DN-304 (ID#:10589),See DN-304 (ID#:10589),13.21
83861,111-MZ-T30,FPQ-14226,SO-48880,DN-4032,Mozambique,PMO - US,From RDC,N/A - From RDC,Truck,5/2/14,N/A - From RDC,2-Mar-15,2-Mar-15,9-Mar-15,ARV,Adult,SCMS from RDC,"Abacavir 300mg, tablets, 60 Tabs",Abacavir,Generic,300mg,Tablet,60,7700,86471.0,11.23,0.19,Mylan (formerly Matrix) Nashik,No,See DN-4032 (ID#:82757),See DN-4032 (ID#:82757),88.89
83627,109-TZ-T30,FPQ-9774,SO-42660,DN-2874,Tanzania,PMO - US,From RDC,N/A - From RDC,Truck,5/2/12,N/A - From RDC,18-Oct-12,31-Oct-12,31-Oct-12,ARV,Adult,SCMS from RDC,"Efavirenz/Emtricitabine/Tenofovir Disoproxil Fumarate 600/200/300mg, tablets, 30 Tabs",Efavirenz/Emtricitabine/Tenofovir Disoproxil Fumarate,Generic,600/200/300mg,Tablet - FDC,30,152880,2198414.4,14.38,0.48,Mylan (formerly Matrix) Nashik,Yes,17227,7134.39,3082.18
86083,113-ZW-T30,FPQ-12950,SO-46650,DN-3702,Zimbabwe,PMO - US,From RDC,N/A - From RDC,Truck,9/10/13,N/A - From RDC,30-May-14,30-May-14,23-Jun-14,ARV,Adult,SCMS from RDC,"Efavirenz/Lamivudine/Tenofovir Disoproxil Fumarate 600/300/300mg, tablets, 30 Tabs",Efavirenz/Lamivudine/Tenofovir Disoproxil Fumarate,Generic,600/300/300mg,Tablet - FDC,30,66407,715867.46,10.78,0.36,Hetero Unit III Hyderabad IN,No,See DN-3702 (ID#:84928),See DN-3702 (ID#:84928),885.53
86378,200-ZW-T30,FPQ-6483,SO-39290,DN-2180,Zimbabwe,PMO - US,From RDC,N/A - From RDC,Truck,10/13/10,N/A - From RDC,20-Apr-11,20-May-11,20-May-11,ARV,Pediatric,SCMS from RDC,"Lamivudine/Zidovudine 30/60mg, tablets, 60 Tabs",Lamivudine/Zidovudine,Generic,30/60mg,Tablet - FDC,60,1884,6123.0,3.25,0.05,"Aurobindo Unit III, India",No,See DN-2180 (ID#:85755),See DN-2180 (ID#:85755),13.2
85476,104-CI-T30,FPQ-10633,SO-43370,DN-3706,Côte d'Ivoire,PMO - US,From RDC,N/A - From RDC,Truck,9/11/12,N/A - From RDC,30-Jun-14,4-Jun-14,10-Jul-14,ARV,Adult,SCMS from RDC,"Efavirenz 600mg, tablets, 30 Tabs",Efavirenz,Generic,600mg,Tablet,30,25000,83250.0,3.33,0.11,"Strides, Bangalore, India.",No,See DN-3706 (ID#:82676),See DN-3706 (ID#:82676),116.72
36969,108-VN-T30,FPQ-4265,SCMS-56310,ASN-6252,Vietnam,PMO - US,Direct Drop,EXW,Air,10/20/09,11/3/09,22-Mar-10,22-Mar-10,22-Mar-10,ARV,Adult,MYLAN LABORATORIES LTD (FORMERLY MATRIX LABORATORIES),"Zidovudine 300mg, tablets, 60 Tabs",Zidovudine,Generic,300mg,Tablet,60,1680,12600.0,7.5,0.12,Mylan (formerly Matrix) Nashik,Yes,389,9674.88,24.7
82325,110-ZM-T30,FPQ-4273,SO-33701,DN-1866,Zambia,PMO - US,From RDC,N/A - From RDC,Truck,9/17/09,N/A - From RDC,30-Jun-10,29-Jun-10,29-Jun-10,ARV,Adult,SCMS from RDC,"Lamivudine/Zidovudine 150/300mg, tablets, 60 Tabs",Lamivudine/Zidovudine,Generic,150/300mg,Tablet - FDC,60,22560,197625.6,8.76,0.15,Hetero Unit III Hyderabad IN,Yes,1928,11054.56,387.35
82790,104-CI-T30,FPQ-14370,SO-49072,DN-4212,Côte d'Ivoire,PMO - US,From RDC,N/A - From RDC,Truck,5/23/14,N/A - From RDC,29-May-15,29-Apr-15,29-Apr-15,ARV,Adult,SCMS from RDC,"Abacavir/Lamivudine 600/300mg, tablets, 30 Tabs",Abacavir/Lamivudine,Generic,600/300mg,Tablet - FDC,30,1134,14912.1,13.15,0.44,Mylan (formerly Matrix) Nashik,Yes,121,1076.5,15.33
12365,112-NG-T01,Pre-PQ Process,SO-563,DN-209,Nigeria,PMO - US,From RDC,N/A - From RDC,,Pre-PQ Process,N/A - From RDC,3-Jul-07,3-Jul-07,3-Jul-07,ARV,Pediatric,SCMS from RDC,"Zidovudine 10mg/ml, oral solution, Bottle, 240 ml",Zidovudine,Generic,10mg/ml,Oral solution,240,278,1098.1,3.95,0.02,"Aurobindo Unit III, India",No,See DN-209 (ID#:11136),See DN-209 (ID#:11136),1.76
21868,108-VN-T30,FPQ-7565,SCMS-107650,ASN-11407,Vietnam,PMO - US,Direct Drop,EXW,Air,4/21/11,5/2/11,27-Jul-11,27-Jul-11,27-Jul-11,ARV,Adult,MYLAN LABORATORIES LTD (FORMERLY MATRIX LABORATORIES),"Zidovudine 300mg, tablets, 60 Tabs",Zidovudine,Generic,300mg,Tablet,60,12000,87000.0,7.25,0.12,Mylan (formerly Matrix) Nashik,Yes,664,6247.82,143.55
83412,114-UG-T30,FPQ-4325,SO-35660,DN-1752,Uganda,PMO - US,From RDC,N/A - From RDC,Truck,9/23/09,N/A - From RDC,1-Apr-10,25-Mar-10,25-Mar-10,ARV,Adult,SCMS from RDC,"Lamivudine/Zidovudine 150/300mg, tablets, 60 Tabs",Lamivudine/Zidovudine,Generic,150/300mg,Tablet - FDC,60,118,1033.68,8.76,0.15,Mylan (formerly Matrix) Nashik,No,See DN-1752 (ID#:82311),See DN-1752 (ID#:82311),2.03
84706,101-CD-T30,FPQ-8840,SO-41385,DN-2526,"Congo, DRC",PMO - US,From RDC,N/A - From RDC,Air,11/21/11,N/A - From RDC,22-Mar-12,22-Mar-12,22-Mar-12,ARV,Adult,SCMS from RDC,"Lamivudine 150mg, tablets, 60 Tabs",Lamivudine,Generic,150mg,Tablet,60,23,53.59,2.33,0.04,Hetero Unit III Hyderabad IN,Yes,1,522.42,0.08
140,109-TZ-T01,Pre-PQ Process,SCMS-10300,ASN-856,Tanzania,PMO - US,Direct Drop,EXW,Air,Pre-PQ Process,Date Not Captured,22-Nov-07,22-Nov-07,22-Nov-07,HRDT,HIV test,"Standard Diagnostics, Inc.","HIV 1/2, Bioline 3.0 Kit, Lancets, Capillary pipets, Alcohol swabs included, 25 Tests","HIV 1/2, Bioline 3.0 Kit, Lancets, Capillary pipets, Alcohol swabs included",Bioline,,Test kit,25,10000,200000.0,20.0,0.8,"Standard Diagnostics, Korea",Yes,3335,28359.8,320.0
54744,108-VN-T30,FPQ-12051,SCMS-188680,ASN-20555,Vietnam,PMO - US,Direct Drop,EXW,Air,5/3/13,5/17/13,3-Sep-13,3-Sep-13,3-Sep-13,ARV,Adult,Aurobindo Pharma Limited,"Nevirapine 200mg, tablets, 60 Tabs",Nevirapine,Generic,200mg,Tablet,60,4000,9000.0,2.25,0.04,"Aurobindo Unit III, India",No,See ASN-20555 (ID#:25809),See ASN-20555 (ID#:25809),11.13
85955,104-CI-T30,FPQ-10633,SO-43330,DN-3075,Côte d'Ivoire,PMO - US,From RDC,N/A - From RDC,Truck,9/11/12,N/A - From RDC,28-Mar-13,30-Mar-13,30-Mar-13,ARV,Adult,SCMS from RDC,"Lamivudine/Zidovudine 150/300mg, tablets, 60 Tabs",Lamivudine/Zidovudine,Generic,150/300mg,Tablet - FDC,60,43848,318774.96,7.27,0.12,"Cipla, Goa, India",No,See DN-3075 (ID#:83129),See DN-3075 (ID#:83129),446.92
27969,116-ZA-T30,FPQ-13973,SCMS-238555,ASN-29255,South Africa,PMO - US,Direct Drop,DDP,Truck,4/30/14,11/4/14,5-Nov-14,5-Nov-14,5-Nov-14,ARV,Adult,PHARMACY DIRECT,"Darunavir 600mg [Prezista], tablets, 60 Tabs",Darunavir,Prezista,600mg,Tablet,60,15,978.47,65.23,1.09,"Janssen-Cilag, Latina, IT",No,Weight Captured Separately,Freight Included in Commodity Cost,1.01
83021,102-BI-T30,FPQ-9229,SO-41530,DN-2594,Burundi,PMO - US,From RDC,N/A - From RDC,Air,1/25/12,N/A - From RDC,26-Apr-12,4-May-12,4-May-12,ARV,Pediatric,SCMS from RDC,"Lamivudine/Zidovudine 30/60mg, tablets, 60 Tabs",Lamivudine/Zidovudine,Generic,30/60mg,Tablet - FDC,60,15,44.85,2.99,0.05,Mylan (formerly Matrix) Nashik,Yes,5256,9506,0.06
4312,102-GY-T01,Pre-PQ Process,SCMS-18510,ASN-2006,Guyana,PMO - US,Direct Drop,EXW,Air,Pre-PQ Process,2/28/08,21-Jul-08,21-Jul-08,21-Jul-08,HRDT,HIV test,"Trinity Biotech, Plc","HIV 1/2, Uni-Gold HIV Kit, 20 Tests","HIV 1/2, Uni-Gold HIV Kit",Uni-Gold,,Test kit,20,1062,33984.0,32.0,1.6,"Trinity Biotech, Plc",Yes,362,4717.51,54.37
23787,144-BW-T30,FPQ-4167,SCMS-54110,ASN-5951,Botswana,PMO - US,Direct Drop,EXW,Air,9/9/09,9/30/09,3-Mar-10,3-Mar-10,3-Mar-10,HRDT,HIV test,"Trinity Biotech, Plc","HIV 1/2, Uni-Gold HIV Kit, 20 Tests","HIV 1/2, Uni-Gold HIV Kit",Uni-Gold,,Test kit,20,5,160.0,32.0,1.6,"Trinity Biotech, Plc",Yes,3,603.53,0.31
82634,111-MZ-T30,FPQ-11884,SO-44860,DN-3484,Mozambique,PMO - US,From RDC,N/A - From RDC,Truck,3/19/13,N/A - From RDC,31-Jan-14,20-Feb-14,19-Mar-14,ARV,Adult,SCMS from RDC,"Efavirenz/Lamivudine/Tenofovir Disoproxil Fumarate 600/300/300mg, tablets, 30 Tabs",Efavirenz/Lamivudine/Tenofovir Disoproxil Fumarate,Generic,600/300/300mg,Tablet - FDC,30,80071,892791.65,11.15,0.37,"Aurobindo Unit VII, IN",Yes,18838,7928.11,1104.38
82382,151-NG-T30,FPQ-7217,SO-39640,DN-2220,Nigeria,PMO - US,From RDC,N/A - From RDC,Air Charter,2/21/11,N/A - From RDC,15-Jun-11,5-Jul-11,5-Jul-11,ARV,Adult,SCMS from RDC,"Efavirenz 600mg, tablets, 30 Tabs",Efavirenz,Generic,600mg,Tablet,30,57468,248261.76,4.32,0.14,Mylan (formerly Matrix) Nashik,Yes,4915,13398.06,409.63
10626,112-NG-T01,Pre-PQ Process,SO-565,DN-373,Nigeria,PMO - US,From RDC,N/A - From RDC,Air,Pre-PQ Process,N/A - From RDC,20-Sep-07,20-Sep-07,20-Sep-07,ARV,Pediatric,SCMS from RDC,"Zidovudine 10mg/ml, oral solution, Bottle, 240 ml",Zidovudine,Generic,10mg/ml,Oral solution,240,1653,6529.35,3.95,0.02,"Aurobindo Unit III, India",No,See DN-373 (ID#:10623),See DN-373 (ID#:10623),10.45
53738,116-ZA-T30,FPQ-4770,SCMS-60170,ASN-5933,South Africa,PMO - US,Direct Drop,DDP,Truck,12/17/09,12/23/09,29-Dec-09,29-Dec-09,29-Dec-09,ARV,Pediatric,S. BUYS WHOLESALER,"Zidovudine 10mg/ml [Retrovir], oral solution, Bottle, 200 ml",Zidovudine,Retrovir,10mg/ml,Oral solution,200,120,866.06,7.22,0.04,GSK Mississauga (Canada),No,Weight Captured Separately,Freight Included in Commodity Cost,1.87
24993,108-VN-T30,FPQ-13976,SCMS-236100,ASN-28777,Vietnam,PMO - US,Direct Drop,EXW,Air,4/8/14,4/30/14,26-Nov-14,26-Nov-14,26-Nov-14,ARV,Adult,MICRO LABS LIMITED,"Lamivudine 150mg, tablets, 60 Tabs",Lamivudine,Generic,150mg,Tablet,60,14500,24940.0,1.72,0.03,"Micro labs, Verna, Goa, India",No,See ASN-28777 (ID#:22196),See ASN-28777 (ID#:22196),25.64
7260,133-NG-T01,Pre-PQ Process,SCMS-27070,ASN-2353,Nigeria,PMO - US,Direct Drop,EXW,Air,Pre-PQ Process,8/21/08,12-Sep-08,3-Sep-08,3-Sep-08,HRDT,HIV test - Ancillary,"Orgenics, Ltd","HIV, Lancet, Safety, for HIV Test kits, 100 Pcs","HIV, Lancet, Safety, for HIV Test kits, 100 Pcs",Generic,,Test kit - Ancillary,100,6875,68.75,0.01,0.0,Inverness Japan,Yes,Weight Captured Separately,Invoiced Separately,0.11
86523,110-ZM-T30,FPQ-9773,SO-41993,DN-2884,Zambia,PMO - US,From RDC,N/A - From RDC,Truck,4/27/12,N/A - From RDC,31-Oct-12,19-Oct-12,19-Oct-12,ARV,Adult,SCMS from RDC,"Nevirapine 200mg, tablets, 60 Tabs",Nevirapine,Generic,200mg,Tablet,60,45531,111095.64,2.44,0.04,Hetero Unit III Hyderabad IN,No,See DN-2884 (ID#:85312),See DN-2884 (ID#:85312),155.76
10721,131-NG-T01,Pre-PQ Process,SO-10821,DN-919,Nigeria,PMO - US,From RDC,N/A - From RDC,Air,Pre-PQ Process,N/A - From RDC,28-Sep-08,28-Sep-08,28-Sep-08,ARV,Adult,SCMS from RDC,"Efavirenz/Emtricitabine/Tenofovir Disoproxil Fumarate 600/200/300mg [Atripla], tablets, 30 Tabs",Efavirenz/Emtricitabine/Tenofovir Disoproxil Fumarate,Atripla,600/200/300mg,Tablet - FDC,30,1000,50400.0,50.4,1.68,"MSD, Haarlem, NL",Yes,108,13353.34,80.64
15460,106-HT-T30,FPQ-15038,SCMS-262980,ASN-30463,Haiti,PMO - US,Direct Drop,EXW,Ocean,10/22/14,1/7/15,9-Apr-15,9-Apr-15,13-Apr-15,ARV,Adult,HETERO LABS LIMITED,"Lamivudine/Tenofovir Disoproxil Fumarate 300/300mg, tablets, 30 Tabs",Lamivudine/Tenofovir Disoproxil Fumarate,Generic,300/300mg,Tablet - FDC,30,36831,170159.22,4.62,0.15,Hetero Unit III Hyderabad IN,Yes,17826,20526.23,174.92
43534,111-MZ-T30,FPQ-15844,SCMS-277860,ASN-31556,Mozambique,PMO - US,Direct Drop,EXW,Air,2/5/15,3/12/15,22-Apr-15,22-Apr-15,22-Apr-15,HRDT,HIV test,"Orgenics, Ltd","HIV 1/2, Determine Complete HIV Kit, 100 Tests","HIV 1/2, Determine Complete HIV Kit",Determine,,Test kit,100,5500,440000.0,80.0,0.8,"Alere Medical Co., Ltd.",Yes,2139,19193.57,517.88
84529,106-HT-T30,FPQ-4384,SO-35430,DN-1665,Haiti,PMO - US,From RDC,N/A - From RDC,Air,10/23/09,N/A - From RDC,24-Mar-10,3-Mar-10,3-Mar-10,ARV,Pediatric,SCMS from RDC,"Nevirapine 10mg/ml, oral suspension, Bottle, 240 ml",Nevirapine,Generic,10mg/ml,Oral suspension,240,1069,2052.48,1.92,0.01,"Aurobindo Unit III, India",Yes,396,6036.96,4.43
11995,110-ZM-T01,Pre-PQ Process,SO-29050,DN-1327,Zambia,PMO - US,From RDC,N/A - From RDC,Truck,Date Not Captured,N/A - From RDC,4-Sep-09,4-Sep-09,4-Sep-09,ARV,Adult,SCMS from RDC,"Efavirenz 600mg, tablets, 30 Tabs",Efavirenz,Generic,600mg,Tablet,30,120000,960000.0,8.0,0.27,Mylan (formerly Matrix) Nashik,Yes,9022,4506.18,1881.6
25990,900-SS-T30,FPQ-10504,SCMS-157880,ASN-16852,South Sudan,PMO - US,Direct Drop,EXW,Air,8/15/12,8/21/12,13-Dec-12,13-Dec-12,13-Dec-12,HRDT,HIV test - Ancillary,"Orgenics, Ltd","Capillary Tubes, for Determine, EDTA, 50uL,100 Pcs","HIV, Capillary Tubes, for Determine, EDTA, 50uL,100 Pcs",Determine,,Test kit - Ancillary,100,640,5120.0,8.0,0.08,"Alere Medical Co., Ltd.",Yes,331,7539.52,7.18
83752,111-MZ-T30,FPQ-12416,SO-45896,DN-3483,Mozambique,PMO - US,From RDC,N/A - From RDC,Truck,6/28/13,N/A - From RDC,31-Jan-14,10-Feb-14,17-Mar-14,ARV,Adult,SCMS from RDC,"Efavirenz/Lamivudine/Tenofovir Disoproxil Fumarate 600/300/300mg, tablets, 30 Tabs",Efavirenz/Lamivudine/Tenofovir Disoproxil Fumarate,Generic,600/300/300mg,Tablet - FDC,30,66054,736502.1,11.15,0.37,Hetero Unit III Hyderabad IN,No,See DN-3483 (ID#:82633),See DN-3483 (ID#:82633),911.05
84347,103-SS-T30,FPQ-13173,SO-47100,DN-3581,South Sudan,PMO - US,From RDC,N/A - From RDC,Air,10/28/13,N/A - From RDC,31-Mar-14,21-Mar-14,26-Mar-14,ARV,Adult,SCMS from RDC,"Lopinavir/Ritonavir 200/50mg, tablets, 120 Tabs",Lopinavir/Ritonavir,Generic,200/50mg,Tablet,120,507,10175.49,20.07,0.17,"Aurobindo Unit III, India",No,See DN-3581 (ID#:83219),See DN-3581 (ID#:83219),10.46
75848,116-ZA-T30,FPQ-12522,SCMS-199280,ASN-24433,South Africa,PMO - US,Direct Drop,DDP,Truck,7/11/13,8/13/13,7-Feb-14,7-Feb-14,7-Feb-14,ARV,Pediatric,S. BUYS WHOLESALER,"Lamivudine 10mg/ml, oral solution w/syringe, Bottle, 240 ml",Lamivudine,Generic,10mg/ml,Oral solution,240,12,94.68,7.89,0.03,"Aurobindo Unit III, India",No,Weight Captured Separately,Freight Included in Commodity Cost,0.12
60812,106-HT-T30,FPQ-3948,SCMS-51120,ASN-5487,Haiti,PMO - US,Direct Drop,CIP,Air,7/29/09,8/19/09,30-Nov-09,30-Nov-09,30-Nov-09,ARV,Pediatric,MERCK SHARP & DOHME IDEA GMBH (FORMALLY MERCK SHARP & DOHME B.V.),"Efavirenz 30mg/ml [Stocrin/Sustiva], oral solution, Bottle, 180 ml",Efavirenz,Stocrin/Sustiva,30mg/ml,Oral solution,180,192,3256.32,16.96,0.09,"MSD, Haarlem, NL",Yes,54,290,6.38
1929,116-ZA-T01,Pre-PQ Process,SCMS-26820,ASN-2488,South Africa,PMO - US,Direct Drop,DDP,Truck,Pre-PQ Process,Date Not Captured,10-Jul-08,8-Jul-08,8-Jul-08,ARV,Pediatric,S. BUYS WHOLESALER,"Didanosine 2g [Videx], powder for oral solution 10mg/ml, reconstitute to 200 ml",Didanosine,Videx,2g,Powder for oral solution,200,12,150.48,12.54,0.06,"BMS Meymac, France",No,Weight Captured Separately,Freight Included in Commodity Cost,0.24
82004,102-GY-T30,FPQ-9180,SCMS-139640,ASN-14784,Guyana,PMO - US,Direct Drop,EXW,Air,1/17/12,4/9/12,23-May-12,23-May-12,23-May-12,HRDT,HIV test,"Trinity Biotech, Plc","HIV 1/2, Uni-Gold HIV Kit, 20 Tests","HIV 1/2, Uni-Gold HIV Kit",Uni-Gold,,Test kit,20,1513,48416.0,32.0,1.6,"Trinity Biotech, Plc",Yes,410,5577.13,67.88
14240,105-SS-T30,FPQ-15569,SCMS-272160,ASN-31323,South Sudan,PMO - US,Direct Drop,EXW,Air,12/29/14,2/20/15,3-Jun-15,3-Jun-15,5-Jun-15,HRDT,HIV test,"Orgenics, Ltd","HIV 1/2, Determine Complete HIV Kit, 100 Tests","HIV 1/2, Determine Complete HIV Kit",Determine,,Test kit,100,70,6230.0,89.0,0.89,"Alere Medical Co., Ltd.",Yes,Weight Captured Separately,Invoiced Separately,7.33
33168,109-TZ-T30,FPQ-11427,SCMS-175480,ASN-19502,Tanzania,PMO - US,Direct Drop,EXW,Air,1/15/13,2/15/13,18-Jun-13,18-Jun-13,18-Jun-13,ARV,Adult,MYLAN LABORATORIES LTD (FORMERLY MATRIX LABORATORIES),"Atazanavir/Ritonavir 300/100mg, tablets, 30 Tabs",Atazanavir/Ritonavir,Generic,300/100mg,Tablet,30,4779,107527.5,22.5,0.75,Mylan (formerly Matrix) Nashik,Yes,643,4142.07,133.01
11940,109-TZ-T01,Pre-PQ Process,SO-2565,DN-853,Tanzania,PMO - US,From RDC,N/A - From RDC,Air,Pre-PQ Process,N/A - From RDC,29-Aug-08,29-Aug-08,29-Aug-08,ARV,Adult,SCMS from RDC,"Lamivudine/Nevirapine/Stavudine 150/200/30mg, tablets, 60 Tabs",Lamivudine/Nevirapine/Stavudine,Generic,150/200/30mg,Tablet - FDC,60,2011,14881.4,7.4,0.12,"Cipla, Goa, India",Yes,6650,36855.6,23.81
21590,104-CI-T30,FPQ-6024,SCMS-80900,ASN-8019,Côte d'Ivoire,PMO - US,Direct Drop,CIP,Air,7/19/10,8/2/10,8-Sep-10,8-Sep-10,8-Sep-10,ARV,Pediatric,BRISTOL-MYERS SQUIBB,"Didanosine 25mg [Videx], chewable tablets, 60 Tabs",Didanosine,Videx,25mg,Chewable/dispersible tablet,60,415,2905.0,7.0,0.12,"BMS Meymac, France",No,See ASN-8019 (ID#:14694),See ASN-8019 (ID#:14694),6.26
83007,105-GY-T30,FPQ-8620,SO-41000,DN-2503,Guyana,PMO - US,From RDC,N/A - From RDC,Air,10/27/11,N/A - From RDC,30-Mar-12,4-Feb-12,4-Feb-12,ARV,Pediatric,SCMS from RDC,"Zidovudine 10mg/ml, oral solution w/syringe, Bottle, 240 ml",Zidovudine,Generic,10mg/ml,Oral solution,240,204,428.4,2.1,0.01,"Aurobindo Unit III, India",Yes,171,2522.76,0.6
82445,111-MZ-T30,FPQ-8157,SO-40310,DN-2517,Mozambique,PMO - US,From RDC,N/A - From RDC,Truck,8/4/11,N/A - From RDC,15-Feb-12,8-Mar-12,8-Mar-12,ARV,Adult,SCMS from RDC,"Nevirapine 200mg, tablets, 60 Tabs",Nevirapine,Generic,200mg,Tablet,60,2870,7031.5,2.45,0.04,"Aurobindo Unit VII, IN",Yes,277,4313.33,11.6
11187,110-ZM-T01,Pre-PQ Process,SO-317,DN-387,Zambia,PMO - US,From RDC,N/A - From RDC,,Pre-PQ Process,N/A - From RDC,29-Oct-07,29-Oct-07,29-Oct-07,ARV,Adult,SCMS from RDC,"Lamivudine/Zidovudine 150/300mg, tablets, 60 Tabs",Lamivudine/Zidovudine,Generic,150/300mg,Tablet - FDC,60,40761,435327.48,10.68,0.18,"Aurobindo Unit III, India",Yes,4221,17549.81,696.52
12922,100-GH-T01,Pre-PQ Process,SO-33650,DN-1473,Ghana,PMO - US,From RDC,N/A - From RDC,Truck,Date Not Captured,N/A - From RDC,30-Sep-09,12-Aug-09,12-Aug-09,ARV,Pediatric,SCMS from RDC,"Lopinavir/Ritonavir 80/20mg/ml [Kaletra], oral solution, cool, Bottle 5 x 60 ml",Lopinavir/Ritonavir,Kaletra,80/20mg/ml,Oral solution,300,276,2.76,0.01,0.0,ABBVIE (Abbott) Logis. UK,No,See DN-1473 (ID#:11358),See DN-1473 (ID#:11358),0.01
82444,110-ZM-T30,FPQ-7767,SO-40270,DN-2513,Zambia,PMO - US,From RDC,N/A - From RDC,Truck,7/26/11,N/A - From RDC,28-Feb-12,17-Feb-12,17-Feb-12,ARV,Adult,SCMS from RDC,"Abacavir 300mg, tablets, 60 Tabs",Abacavir,Generic,300mg,Tablet,60,27452,412878.08,15.04,0.25,Mylan (formerly Matrix) Nashik,Yes,3898,11292.05,681.25
62761,104-CI-T30,FPQ-12150,SCMS-191950,ASN-23207,Côte d'Ivoire,PMO - US,Direct Drop,FCA,Air,4/29/13,6/12/13,23-Dec-13,23-Dec-13,8-Jan-14,ARV,Adult,ABBVIE LOGISTICS (FORMERLY ABBOTT LOGISTICS BV),"Ritonavir 100mg [Norvir], film coated tablets, 60 Tabs",Ritonavir,Norvir,100mg,Tablet,60,350,2397.5,6.85,0.11,ABBVIE Ludwigshafen Germany,Yes,56,1726.5,2.97
10709,104-CI-T01,Pre-PQ Process,SO-16180,DN-1001,Côte d'Ivoire,PMO - US,From RDC,N/A - From RDC,Air,Pre-PQ Process,N/A - From RDC,3-Dec-08,3-Dec-08,3-Dec-08,ARV,Pediatric,SCMS from RDC,"Zidovudine 10mg/ml, oral solution, Bottle, 240 ml",Zidovudine,Generic,10mg/ml,Oral solution,240,1200,2520.0,2.1,0.01,"Aurobindo Unit III, India",Yes,448,2605.77,4.94
11372,112-NG-T01,Pre-PQ Process,SO-341,DN-93,Nigeria,PMO - US,From RDC,N/A - From RDC,,Pre-PQ Process,N/A - From RDC,17-Apr-07,17-Apr-07,17-Apr-07,ARV,Adult,SCMS from RDC,"Lamivudine/Zidovudine+Nevirapine 150/300+200mg, tablets, co-blister, 60+60 Tabs",Lamivudine/Zidovudine+Nevirapine,Generic,150/300+200mg,Tablet - FDC + co-blister,120,2703,55411.5,20.5,0.17,"Aspen-OSD, Port Elizabeth, SA",No,See DN-93 (ID#:10546),See DN-93 (ID#:10546),
11563,102-KE-T01,Pre-PQ Process,SO-11440,DN-965,Kenya,PMO - US,From RDC,N/A - From RDC,Truck,Pre-PQ Process,N/A - From RDC,23-Oct-08,23-Oct-08,23-Oct-08,HRDT,HIV test - Ancillary,SCMS from RDC,"HIV, Lancet, Safety, for HIV Test kits, 100 Pcs","HIV, Lancet, Safety, for HIV Test kits, 100 Pcs",Generic,,Test kit - Ancillary,100,5000,50.0,0.01,0.0,Inverness Japan,Yes,Weight Captured Separately,Invoiced Separately,0.1
47638,102-GY-T30,FPQ-8053,SCMS-115820,ASN-11658,Guyana,PMO - US,Direct Drop,EXW,Air,7/13/11,7/20/11,8-Aug-11,8-Aug-11,8-Aug-11,HRDT,HIV test,"CHEMBIO DIAGNOSTIC SYSTEMS, INC.","HIV 1/2, Stat-Pak HIV, Kit, 20 Tests","HIV 1/2, Stat-Pak HIV, Kit",Stat-Pak,,Test kit,20,15,435.0,29.0,1.45,Chembio Diagnostics Sys. Inc.,Yes,6,325.67,0.72
53971,800-LS-T30,FPQ-13954,SCMS-233580,ASN-25539,Lesotho,PMO - US,Direct Drop,EXW,Air,3/24/14,4/2/14,7-May-14,7-May-14,9-May-14,HRDT,HIV test,"Trinity Biotech, Plc","HIV 1/2, Uni-Gold HIV Kit, 20 Tests","HIV 1/2, Uni-Gold HIV Kit",Uni-Gold,,Test kit,20,2500,80000.0,32.0,1.6,"Trinity Biotech, Plc",Yes,Weight Captured Separately,Invoiced Separately,82.24
85919,114-UG-T30,FPQ-10357,SO-42901,DN-2964,Uganda,PMO - US,From RDC,N/A - From RDC,Truck,7/18/12,N/A - From RDC,5-Feb-13,5-Feb-13,5-Feb-13,ARV,Adult,SCMS from RDC,"Lamivudine/Tenofovir Disoproxil Fumarate 300/300mg, tablets, 30 Tabs",Lamivudine/Tenofovir Disoproxil Fumarate,Generic,300/300mg,Tablet - FDC,30,48,257.28,5.36,0.18,Hetero Unit III Hyderabad IN,Yes,5,673.25,0.36
6972,102-LS-T01,Pre-PQ Process,SCMS-18360,ASN-1430,Lesotho,PMO - US,Direct Drop,DDP,Air,Pre-PQ Process,2/27/08,12-Mar-08,12-Mar-08,12-Mar-08,HRDT,HIV test,Orasure Technologies Inc.,"HIV 1/2, OraQuick Advance HIV Rapid Antibody Kit, 100 Tests","HIV 1/2, OraQuick Advance HIV Rapid Antibody Kit",OraQuick,,Test kit,100,7,2450.0,350.0,3.5,"Pacific Biotech, Thailand",Yes,Weight Captured Separately,Freight Included in Commodity Cost,3.92
10395,106-HT-T01,Pre-PQ Process,SCMS-42710,ASN-4322,Haiti,PMO - US,Direct Drop,EXW,Air,Pre-PQ Process,4/2/09,6-Jul-09,6-Jul-09,6-Jul-09,HRDT,HIV test,Orasure Technologies Inc.,"HIV 1/2, OraQuick Advance HIV Rapid Antibody Kit, 100 Tests","HIV 1/2, OraQuick Advance HIV Rapid Antibody Kit",OraQuick,,Test kit,100,60,21000.0,350.0,3.5,"Pacific Biotech, Thailand",Yes,144,4185.29,41.16
12245,123-NG-T01,Pre-PQ Process,SO-19070,DN-1039,Nigeria,PMO - US,From RDC,N/A - From RDC,Air,Pre-PQ Process,N/A - From RDC,16-Feb-09,19-Jan-09,19-Jan-09,ARV,Adult,SCMS from RDC,"Stavudine 30mg, capsules, 60 Caps",Stavudine,Generic,30mg,Capsule,60,4124,6392.2,1.55,0.03,"Aurobindo Unit III, India",Yes,273,7363.74,12.53
11913,117-ET-T01,Pre-PQ Process,SO-22050,DN-1105,Ethiopia,PMO - US,From RDC,N/A - From RDC,Air,Pre-PQ Process,N/A - From RDC,20-Mar-09,20-Mar-09,20-Mar-09,ARV,Adult,SCMS from RDC,"Lamivudine/Nevirapine/Zidovudine 150/200/300mg, tablets, 60 Tabs",Lamivudine/Nevirapine/Zidovudine,Generic,150/300/200mg,Tablet - FDC,60,10812,127581.6,11.8,0.2,"Aurobindo Unit III, India",No,See DN-1105 (ID#:11303),See DN-1105 (ID#:11303),250.06
38762,151-NG-T30,FPQ-7339,SCMS-104040,ASN-10453,Nigeria,PMO - US,Direct Drop,EXW,Air,3/9/11,3/25/11,18-Apr-11,18-Apr-11,18-Apr-11,ARV,Pediatric,Aurobindo Pharma Limited,"Nevirapine 10mg/ml, oral suspension w/syringe, Bottle, 240 ml",Nevirapine,Generic,10mg/ml,Oral suspension,240,4000,7800.0,1.95,0.01,"Aurobindo Unit III, India",Yes,1573,9316.91,12.87
14384,109-TZ-T30,FPQ-13048,SCMS-210920,ASN-24302,Tanzania,PMO - US,Direct Drop,EXW,Air,10/3/13,10/28/13,22-Mar-14,22-Mar-14,22-Mar-14,ARV,Pediatric,Aurobindo Pharma Limited,"Efavirenz 50mg, capsule, 30 Caps",Efavirenz,Generic,50mg,Capsule,30,20867,32552.52,1.56,0.05,"Aurobindo Unit III, India",Yes,1337,8403.67,40.27
10791,104-CI-T01,Pre-PQ Process,SO-32840,DN-1388,Côte d'Ivoire,PMO - US,From RDC,N/A - From RDC,Air,Date Not Captured,N/A - From RDC,28-Sep-09,28-Sep-09,28-Sep-09,ARV,Adult,SCMS from RDC,"Zidovudine 300mg, tablets, 60 Tabs",Zidovudine,Generic,300mg,Tablet,60,7000,52710.0,7.53,0.13,Hetero Unit III Hyderabad IN,Yes,396,6087.84,103.31
57582,108-VN-T30,FPQ-15692,SCMS-274350,ASN-32776,Vietnam,PMO - US,Direct Drop,EXW,Air,1/28/15,2/17/15,27-Jul-15,27-Jul-15,27-Jul-15,ARV,Adult,MYLAN LABORATORIES LTD (FORMERLY MATRIX LABORATORIES),"Lamivudine/Nevirapine/Zidovudine 150/200/300mg, tablets, 60 Tabs",Lamivudine/Nevirapine/Zidovudine,Generic,150/300/200mg,Tablet - FDC,60,6437,52139.7,8.1,0.13,Mylan (formerly Matrix) Nashik,No,See ASN-32776 (ID#:40935),See ASN-32776 (ID#:40935),61.37
28992,107-RW-T30,FPQ-10752,SCMS-162520,ASN-17004,Rwanda,PMO - US,Direct Drop,EXW,Air,10/3/12,10/16/12,29-Nov-12,29-Nov-12,29-Nov-12,ARV,Adult,Aurobindo Pharma Limited,"Didanosine 400mg, delayed-release capsules, 30 Caps",Didanosine,Generic,400mg,Delayed-release capsules,30,1680,33600.0,20.0,0.67,"Aurobindo Unit III, India",Yes,131,2004.44,47.11
85734,104-CI-T30,FPQ-5925,SO-37130,DN-2095,Côte d'Ivoire,PMO - US,From RDC,N/A - From RDC,Air,6/23/10,N/A - From RDC,22-Feb-11,22-Feb-11,22-Feb-11,ARV,Adult,SCMS from RDC,"Lamivudine/Stavudine 150/30mg, tablets, 60 Tabs",Lamivudine/Stavudine,Generic,150/30mg,Tablet - FDC,60,63000,206640.0,3.28,0.05,Mylan (formerly Matrix) Nashik,No,See DN-2095 (ID#:85733),See DN-2095 (ID#:85733),445.52
65452,102-BI-T30,FPQ-13443,SCMS-223460,ASN-24711,Burundi,PMO - US,Direct Drop,EXW,Air,1/6/14,2/3/14,24-Mar-14,24-Mar-14,24-Mar-14,HRDT,HIV test,"CHEMBIO DIAGNOSTIC SYSTEMS, INC.","HIV 1/2, Stat-Pak Dipstick Assay Kit, 30 Tests","HIV 1/2, Stat-Pak Dipstick Assay Kit",Stat-Pak,,Test kit,30,345,9522.0,27.6,0.92,Chembio Diagnostics Sys. Inc.,Yes,37,946.77,9.79
75970,105-SS-T30,FPQ-15569,SCMS-272160,ASN-31335,South Sudan,PMO - US,Direct Drop,EXW,Air,12/29/14,2/20/15,3-Jun-15,3-Jun-15,5-Jun-15,HRDT,HIV test - Ancillary,"Orgenics, Ltd","Capillary Tubes, for Determine, EDTA, 50uL,100 Pcs","HIV, Capillary Tubes, for Determine, EDTA, 50uL,100 Pcs",Determine,,Test kit - Ancillary,100,15,120.0,8.0,0.08,"Alere Medical Co., Ltd.",No,See ASN-31335 (ID#:42778),See ASN-31335 (ID#:42778),0.14
11707,110-ZM-T01,Pre-PQ Process,SO-355,DN-87,Zambia,PMO - US,From RDC,N/A - From RDC,,Pre-PQ Process,N/A - From RDC,3-May-07,3-May-07,3-May-07,HRDT,HIV test,SCMS from RDC,"HIV 1/2, Uni-Gold HIV Kit, 20 Tests","HIV 1/2, Uni-Gold HIV Kit",Uni-Gold,,Test kit,20,3500,112000.0,32.0,1.6,"Trinity Biotech, Plc",Yes,1109,9437.24,
10544,112-NG-T01,Pre-PQ Process,SO-339,DN-27,Nigeria,PMO - US,From RDC,N/A - From RDC,,Pre-PQ Process,N/A - From RDC,22-Feb-07,22-Feb-07,22-Feb-07,ARV,Pediatric,SCMS from RDC,"Lamivudine 10mg/ml, oral solution, Bottle, 240 ml",Lamivudine,Generic,10mg/ml,Oral solution,240,1200,2640.0,2.2,0.01,"Aurobindo Unit III, India",Yes,1178,4535,
4021,108-VN-T01,Pre-PQ Process,SCMS-762,ASN-634,Vietnam,PMO - US,Direct Drop,FCA,Air,Pre-PQ Process,7/4/07,10-Sep-07,10-Sep-07,10-Sep-07,ARV,Adult,ABBVIE LOGISTICS (FORMERLY ABBOTT LOGISTICS BV),"Lopinavir/Ritonavir 200/50mg [Aluvia], tablets, 120 Tabs",Lopinavir/Ritonavir,Aluvia,200/50mg,Tablet,120,1000,82190.0,82.19,0.68,ABBVIE Ludwigshafen Germany,Yes,226,2923.46,131.5
12797,106-HT-T01,Pre-PQ Process,SO-2042,DN-682,Haiti,PMO - US,From RDC,N/A - From RDC,Air,Pre-PQ Process,N/A - From RDC,21-Mar-08,21-Mar-08,21-Mar-08,ARV,Pediatric,SCMS from RDC,"Abacavir 20mg/ml, oral solution, Bottle, 240 ml",Abacavir,Generic,20mg/ml,Oral solution,240,128,2112.0,16.5,0.07,"Aurobindo Unit III, India",No,See DN-682 (ID#:10963),See DN-682 (ID#:10963),3.38
81747,111-MZ-T30,FPQ-13395,SCMS-219220,ASN-25455,Mozambique,PMO - US,Direct Drop,EXW,Air,12/11/13,12/17/13,2-May-14,2-May-14,7-May-14,ARV,Adult,HETERO LABS LIMITED,"Lamivudine/Nevirapine/Zidovudine 150/200/300mg, tablets, 60 Tabs",Lamivudine/Nevirapine/Zidovudine,Generic,150/300/200mg,Tablet - FDC,60,24816,201257.76,8.11,0.14,Hetero Unit III Hyderabad IN,Yes,3392,16835.52,206.89
85398,109-TZ-T30,FPQ-11393,SO-44380,DN-3309,Tanzania,PMO - US,From RDC,N/A - From RDC,Truck,12/30/12,N/A - From RDC,15-Oct-13,5-Sep-13,5-Sep-13,ARV,Pediatric,SCMS from RDC,"Nevirapine 10mg/ml, oral suspension w/syringe, Bottle, 240 ml",Nevirapine,Generic,10mg/ml,Oral suspension,240,14146,27584.7,1.95,0.01,"Aurobindo Unit III, India",Yes,5475,17114.5,34.12
82892,117-ET-T30,FPQ-5581,SO-36690,DN-1857,Ethiopia,PMO - US,From RDC,N/A - From RDC,Air,4/28/10,N/A - From RDC,21-Jun-10,1-Jun-10,1-Jun-10,ARV,Adult,SCMS from RDC,"Lamivudine 150mg, tablets, 60 Tabs",Lamivudine,Generic,150mg,Tablet,60,69,168.36,2.44,0.04,"Aurobindo Unit III, India",Yes,77,961.46,0.36
58484,901-CM-T30,FPQ-12837,SCMS-204290,ASN-23338,Cameroon,PMO - US,Direct Drop,EXW,Air,8/19/13,8/23/13,8-Jan-14,8-Jan-14,10-Jan-14,ARV,Adult,Aurobindo Pharma Limited,"Efavirenz/Lamivudine/Tenofovir Disoproxil Fumarate 600/300/300mg, tablets, 30 Tabs",Efavirenz/Lamivudine/Tenofovir Disoproxil Fumarate,Generic,600/300/300mg,Tablet - FDC,30,37470,417790.5,11.15,0.37,"Aurobindo Unit VII, IN",Yes,4927,65875.32,516.81
86265,104-CI-T30,FPQ-4659,SO-35810,DN-1641,Côte d'Ivoire,PMO - US,From RDC,N/A - From RDC,Air,12/8/09,N/A - From RDC,10-May-10,15-Feb-10,15-Feb-10,ARV,Adult,SCMS from RDC,"Nevirapine 200mg, tablets, 60 Tabs",Nevirapine,Generic,200mg,Tablet,60,4149,11326.77,2.73,0.05,"Aurobindo Unit III, India",Yes,394,1083.3,24.42
31861,108-VN-T30,FPQ-7898,SCMS-113640,ASN-12786,Vietnam,PMO - US,Direct Drop,EXW,Air,6/27/11,7/7/11,23-Nov-11,23-Nov-11,23-Nov-11,ARV,Adult,MYLAN LABORATORIES LTD (FORMERLY MATRIX LABORATORIES),"Abacavir 300mg, tablets, 60 Tabs",Abacavir,Generic,300mg,Tablet,60,292,4231.08,14.49,0.24,Mylan (formerly Matrix) Nashik,Yes,30,4525.05,6.98
64946,105-GH-T30,FPQ-14667,SCMS-254770,ASN-30498,Ghana,PMO - US,Direct Drop,EXW,Air,8/11/14,9/25/14,10-Apr-15,10-Apr-15,13-Apr-15,ARV,Pediatric,MYLAN LABORATORIES LTD (FORMERLY MATRIX LABORATORIES),"Abacavir/Lamivudine 60/30mg, tablets, 60 Tabs",Abacavir/Lamivudine,Generic,60/30mg,Tablet - FDC,60,9073,35838.35,3.95,0.07,Mylan (formerly Matrix) Nashik,Yes,437,4659.75,36.84
85245,114-UG-T30,FPQ-9321,SO-41520,DN-2597,Uganda,PMO - US,From RDC,N/A - From RDC,Truck,2/10/12,N/A - From RDC,24-Apr-12,27-Feb-12,27-Feb-12,ARV,Adult,SCMS from RDC,"Lamivudine/Zidovudine 150/300mg, tablets, 60 Tabs",Lamivudine/Zidovudine,Generic,150/300mg,Tablet - FDC,60,2900,23200.0,8.0,0.13,"Aurobindo Unit III, India",No,See DN-2597 (ID#:82462),See DN-2597 (ID#:82462),32.53
49301,102-BW-T30,FPQ-4904,SCMS-64791,ASN-6296,Botswana,PMO - US,Direct Drop,EXW,Air,1/13/10,2/5/10,14-Apr-10,14-Apr-10,14-Apr-10,HRDT,HIV test,"Orgenics, Ltd","HIV 1/2, Determine Complete HIV Kit, 100 Tests","HIV 1/2, Determine Complete HIV Kit",Determine,,Test kit,100,5,360.0,72.0,0.72,Inverness Japan,Yes,3,787.28,0.78
83595,151-NG-T30,FPQ-8952,SO-41258,DN-2707,Nigeria,PMO - US,From RDC,N/A - From RDC,Air Charter,12/8/11,N/A - From RDC,20-Jun-12,3-Jun-12,3-Jun-12,ARV,Adult,SCMS from RDC,"Emtricitabine/Tenofovir Disoproxil Fumarate 200/300mg, tablets, 30 Tabs",Emtricitabine/Tenofovir Disoproxil Fumarate,Generic,200/300mg,Tablet - FDC,30,8257,66386.28,8.04,0.27,"Aurobindo Unit III, India",Yes,814,17090,93.07
51895,109-TZ-T30,FPQ-13945,SCMS-235420,ASN-26517,Tanzania,PMO - US,Direct Drop,EXW,Air,3/27/14,4/29/14,29-Aug-14,29-Aug-14,3-Sep-14,HRDT,HIV test,"Orgenics, Ltd","HIV 1/2, Determine Complete HIV Kit, 100 Tests","HIV 1/2, Determine Complete HIV Kit",Determine,,Test kit,100,672,53760.0,80.0,0.8,"Alere Medical Co., Ltd.",Yes,277,4379.48,55.27
83500,151-NG-T30,FPQ-6800,SO-39230,DN-2173,Nigeria,PMO - US,From RDC,N/A - From RDC,Air Charter,12/7/10,N/A - From RDC,21-Jun-11,10-May-11,10-May-11,ARV,Adult,SCMS from RDC,"Lamivudine/Tenofovir Disoproxil Fumarate 300/300mg, tablets, 30 Tabs",Lamivudine/Tenofovir Disoproxil Fumarate,Generic,300/300mg,Tablet - FDC,30,50000,441000.0,8.82,0.29,Mylan (formerly Matrix) Nashik,Yes,4502,12601.07,727.65
84398,111-MZ-T30,FPQ-13123,SO-47080,DN-3828,Mozambique,PMO - US,From RDC,N/A - From RDC,Truck,10/21/13,N/A - From RDC,29-Aug-14,5-Nov-14,7-Nov-14,ARV,Adult,SCMS from RDC,"Lamivudine/Stavudine 150/30mg, tablets, 60 Tabs",Lamivudine/Stavudine,Generic,150/30mg,Tablet - FDC,60,5232,13027.68,2.49,0.04,"Strides, Bangalore, India.",No,See DN-3828 (ID#:82713),See DN-3828 (ID#:82713),13.39
70526,108-VN-T30,FPQ-13524,SCMS-226260,ASN-26927,Vietnam,PMO - US,Direct Drop,EXW,Air,2/6/14,3/10/14,13-Aug-14,13-Aug-14,25-Aug-14,ARV,Adult,HETERO LABS LIMITED,"Abacavir 300mg, tablets, 60 Tabs",Abacavir,Generic,300mg,Tablet,60,950,10877.5,11.45,0.19,Hetero Unit III Hyderabad IN,No,See ASN-26927 (ID#:26612),See ASN-26927 (ID#:26612),11.18
85837,114-UG-T30,FPQ-8522,SO-40942,DN-2580,Uganda,PMO - US,From RDC,N/A - From RDC,Truck,10/5/11,N/A - From RDC,30-Mar-12,9-Mar-12,9-Mar-12,ARV,Adult,SCMS from RDC,"Lamivudine/Tenofovir Disoproxil Fumarate 300/300mg, tablets, 30 Tabs",Lamivudine/Tenofovir Disoproxil Fumarate,Generic,300/300mg,Tablet - FDC,30,5785,35172.8,6.08,0.2,Mylan (formerly Matrix) Nashik,Yes,460,3571.6,58.04
85465,104-CI-T30,FPQ-12800,SO-46401,DN-3653,Côte d'Ivoire,PMO - US,From RDC,N/A - From RDC,Air,8/9/13,N/A - From RDC,30-Apr-14,12-May-14,30-Jun-14,ARV,Adult,SCMS from RDC,"Lamivudine/Nevirapine/Zidovudine 150/200/300mg, tablets, 60 Tabs",Lamivudine/Nevirapine/Zidovudine,Generic,150/300/200mg,Tablet - FDC,60,24765,200844.15,8.11,0.14,"Strides, Bangalore, India.",Yes,2666,11186.09,248.44
12083,109-TZ-T01,Pre-PQ Process,SO-747,DN-229,Tanzania,PMO - US,From RDC,N/A - From RDC,Air,Pre-PQ Process,N/A - From RDC,13-Jul-07,13-Jul-07,13-Jul-07,HRDT,HIV test,SCMS from RDC,"HIV 1/2, Capillus HIV Kit, 100 Tests","HIV 1/2, Capillus HIV Kit",Capillus,,Test kit,100,422,58658.0,139.0,1.39,"Trinity Biotech, Plc",Yes,3093,1547,93.85
16462,116-ZA-T30,FPQ-13973,SCMS-238552,ASN-27609,South Africa,PMO - US,Direct Drop,DDP,Truck,4/30/14,8/5/14,5-Aug-14,5-Aug-14,5-Aug-14,ARV,Adult,PHARMACY DIRECT,"Darunavir 300mg [Prezista], tablets, 120 Tabs",Darunavir,Prezista,300mg,Tablet,120,36,2509.54,69.71,0.58,"Janssen-Cilag, Latina, IT",Yes,Weight Captured Separately,Freight Included in Commodity Cost,2.58
1070,116-ZA-T01,Pre-PQ Process,SCMS-41140,ASN-3752,South Africa,PMO - US,Direct Drop,DDP,Air,Pre-PQ Process,Date Not Captured,31-Mar-09,21-Nov-08,21-Nov-08,ARV,Adult,S. BUYS WHOLESALER,"Stavudine 30mg, capsules, 60 Caps",Stavudine,Generic,30mg,Capsule,60,1200,3384.0,2.82,0.05,"Aurobindo Unit III, India",Yes,Weight Captured Separately,Freight Included in Commodity Cost,6.63
81961,116-ZA-T30,FPQ-11828,SCMS-183950,ASN-19166,South Africa,South Africa Field Office,Direct Drop,DDP,Truck,3/18/13,Date Not Captured,16-Apr-13,16-Apr-13,16-Apr-13,ARV,Adult,S. BUYS WHOLESALER,"Stavudine 30mg, capsules, 60 Caps",Stavudine,Generic,30mg,Capsule,60,9227,37157.67,4.03,0.07,"Aurobindo Unit III, India",No,Weight Captured Separately,Freight Included in Commodity Cost,45.96
12014,106-HT-T01,Pre-PQ Process,SO-32720,DN-1466,Haiti,PMO - US,From RDC,N/A - From RDC,Air,Date Not Captured,N/A - From RDC,21-Oct-09,21-Oct-09,21-Oct-09,ARV,Adult,SCMS from RDC,"Nevirapine 200mg, tablets, 60 Tabs",Nevirapine,Generic,200mg,Tablet,60,15825,45892.5,2.9,0.05,"Aurobindo Unit III, India",No,See DN-1466 (ID#:11357),See DN-1466 (ID#:11357),89.95
12364,111-MZ-T01,Pre-PQ Process,SO-578,DN-184,Mozambique,PMO - US,From RDC,N/A - From RDC,Air,Pre-PQ Process,N/A - From RDC,11-Jul-07,11-Jul-07,11-Jul-07,ARV,Adult,SCMS from RDC,"Abacavir/Lamivudine/Zidovudine 300/150/300mg [Trizivir], tablets, 60 Tabs",Abacavir/Lamivudine/Zidovudine,Trizivir,300/150/300mg,Tablet - FDC,60,1171,81970.0,70.0,1.17,GSK Ware (UK),No,See DN-184 (ID#:12060),See DN-184 (ID#:12060),
13968,105-SS-T30,FPQ-12623,SCMS-200920,ASN-21751,South Sudan,PMO - US,Direct Drop,EXW,Air,7/18/13,8/6/13,18-Oct-13,18-Oct-13,18-Oct-13,HRDT,HIV test,"Trinity Biotech, Plc","HIV 1/2, Uni-Gold HIV Kit, 20 Tests","HIV 1/2, Uni-Gold HIV Kit",Uni-Gold,,Test kit,20,35,1120.0,32.0,1.6,"Trinity Biotech, Plc",Yes,176,4124.74,1.39
66374,161-ZA-T30,FPQ-5648,SCMS-75540,ASN-7991,South Africa,PMO - US,Direct Drop,DDP,Ocean,6/2/10,6/17/10,22-Oct-10,22-Oct-10,22-Oct-10,ARV,Adult,STRIDES ARCOLAB LIMITED,"Nevirapine 200mg, tablets, 60 Tabs",Nevirapine,Generic,200mg,Tablet,60,116000,327120.0,2.82,0.05,"Strides, Bangalore, India.",Yes,7193,8559.24,705.27
83341,151-NG-T30,FPQ-14989,SO-51429,DN-4292,Nigeria,PMO - US,From RDC,N/A - From RDC,Air Charter,9/19/14,N/A - From RDC,30-Jun-15,2-Jun-15,17-Jun-15,ARV,Pediatric,SCMS from RDC,"Lamivudine/Nevirapine/Zidovudine 30/50/60mg, dispersible tablets, 60 Tabs",Lamivudine/Nevirapine/Zidovudine,Generic,30/50/60mg,Chewable/dispersible tablet - FDC,60,16495,59382.0,3.6,0.06,"Cipla, Goa, India",Yes,1636,5852.71,61.04
83564,101-CD-T30,FPQ-8840,SO-41147,DN-2511,"Congo, DRC",PMO - US,From RDC,N/A - From RDC,Air,11/21/11,N/A - From RDC,16-Mar-12,14-Mar-12,14-Mar-12,ARV,Adult,SCMS from RDC,"Zidovudine 300mg, tablets, 60 Tabs",Zidovudine,Generic,300mg,Tablet,60,1700,11934.0,7.02,0.12,Hetero Unit III Hyderabad IN,No,See DN-2511 (ID#:83563),See DN-2511 (ID#:83563),16.73
84466,111-MZ-T30,FPQ-15229,SO-50490,DN-4247,Mozambique,PMO - US,From RDC,N/A - From RDC,Truck,10/17/14,N/A - From RDC,30-Jun-15,9-Jun-15,15-Jun-15,ARV,Adult,SCMS from RDC,"Abacavir/Lamivudine 600/300mg, tablets, 30 Tabs",Abacavir/Lamivudine,Generic,600/300mg,Tablet - FDC,30,5000,67450.0,13.49,0.45,Mylan (formerly Matrix) Nashik,Yes,517,708.23,79.39
85924,114-UG-T30,FPQ-10556,SO-43160,DN-2952,Uganda,PMO - US,From RDC,N/A - From RDC,Air,8/30/12,N/A - From RDC,2-Feb-13,2-Feb-13,2-Feb-13,ARV,Adult,SCMS from RDC,"Lamivudine/Nevirapine/Zidovudine 150/200/300mg, tablets, 60 Tabs",Lamivudine/Nevirapine/Zidovudine,Generic,150/300/200mg,Tablet - FDC,60,3235,31120.7,9.62,0.16,Hetero Unit III Hyderabad IN,No,See DN-2952 (ID#:82537),See DN-2952 (ID#:82537),43.63
84415,107-RW-T30,FPQ-14111,SO-48770,DN-3948,Rwanda,PMO - US,From RDC,N/A - From RDC,Air,4/22/14,N/A - From RDC,15-Oct-14,14-Oct-14,20-Oct-14,ARV,Pediatric,SCMS from RDC,"Abacavir/Lamivudine 60/30mg, dispersible tablets, 60 Tabs",Abacavir/Lamivudine,Generic,60/30mg,Chewable/dispersible tablet - FDC,60,8953,45570.77,5.09,0.08,"Cipla, Patalganga, India",Yes,805,6220.48,46.85
50380,116-ZA-T30,FPQ-13035,SCMS-215370,ASN-24415,South Africa,PMO - US,Direct Drop,DDP,Truck,10/8/13,12/2/13,6-Feb-14,6-Feb-14,6-Feb-14,ARV,Adult,S. BUYS WHOLESALER,"Didanosine 400mg, delayed-release capsules, 30 Caps",Didanosine,Generic,400mg,Delayed-release capsules,30,58,1068.21,18.42,0.61,"Aurobindo Unit III, India",No,Weight Captured Separately,Freight Included in Commodity Cost,1.32
84598,104-CI-T30,FPQ-5925,SO-37150,DN-2035,Côte d'Ivoire,PMO - US,From RDC,N/A - From RDC,Truck,6/23/10,N/A - From RDC,30-Nov-10,26-Nov-10,26-Nov-10,ARV,Pediatric,SCMS from RDC,"Stavudine 1mg/ml, powder for oral solution, 200 ml",Stavudine,Generic,1mg/ml,Oral solution,200,2449,3306.15,1.35,0.01,"Aurobindo Unit III, India",No,See DN-2035 (ID#:82356),See DN-2035 (ID#:82356),7.13
13842,101-CD-T30,FPQ-14255,SCMS-239810,ASN-27324,"Congo, DRC",PMO - US,Direct Drop,EXW,Air,5/15/14,5/19/14,30-Sep-14,30-Sep-14,21-Oct-14,ARV,Pediatric,Aurobindo Pharma Limited,"Nevirapine 50mg, dispersible tablets (tablets for oral suspension), 30 Tabs",Nevirapine,Generic,50mg,Chewable/dispersible tablet,30,940,1175.0,1.25,0.04,"Aurobindo Unit III, India",Yes,132,2516.57,1.21
3808,102-KE-T01,Pre-PQ Process,SCMS-42961,ASN-4648,Kenya,PMO - US,Direct Drop,EXW,Air,Pre-PQ Process,5/14/09,7-Aug-09,28-Aug-09,28-Aug-09,HRDT,HIV test,"Orgenics, Ltd","HIV 1/2, Determine Complete HIV Kit, 100 Tests","HIV 1/2, Determine Complete HIV Kit",Determine,,Test kit,100,7500,600000.0,80.0,0.8,Inverness Japan,Yes,2215,17974.65,1176.0
11476,112-NG-T01,Pre-PQ Process,SO-1225,DN-411,Nigeria,PMO - US,From RDC,N/A - From RDC,Air,Pre-PQ Process,N/A - From RDC,1-Nov-07,1-Nov-07,1-Nov-07,ARV,Adult,SCMS from RDC,"Lamivudine/Zidovudine 150/300mg, tablets, 60 Tabs",Lamivudine/Zidovudine,Generic,150/300mg,Tablet - FDC,60,1200,23400.0,19.5,0.32,"Aurobindo Unit III, India",No,See DN-411 (ID#:10631),See DN-411 (ID#:10631),37.44
45147,114-UG-T30,FPQ-15303,SCMS-264980,ASN-33165,Uganda,PMO - US,Direct Drop,EXW,Air,11/11/14,11/25/14,27-Jul-15,27-Jul-15,28-Jul-15,ARV,Adult,EMCURE PHARMACEUTICALS LTD,"Atazanavir/Ritonavir 300/100mg, tablets, 30 Tabs",Atazanavir/Ritonavir,Generic,300/100mg,Tablet,30,6907,124326.0,18.0,0.6,"Emcure Plot No.P-2, I.T-B.T. Park, Phase II, MIDC, Hinjwadi, Pune, India",Yes,Weight Captured Separately,Invoiced Separately,146.33
42797,161-ZA-T30,FPQ-6708,SCMS-93520,ASN-9844,South Africa,PMO - US,Direct Drop,DDP,Ocean,11/26/10,12/6/10,26-Jun-11,7-Apr-11,7-Apr-11,ARV,Adult,Aurobindo Pharma Limited,"Tenofovir Disoproxil Fumarate 300mg, tablets, 30 Tabs",Tenofovir Disoproxil Fumarate,Generic,300mg,Tablet,30,130800,869820.0,6.65,0.22,"Aurobindo Unit III, India",Yes,12208,13829.57,1435.2
86349,151-NG-T30,FPQ-5688,SO-37920,DN-2047,Nigeria,PMO - US,From RDC,N/A - From RDC,Air Charter,5/27/10,N/A - From RDC,18-Nov-10,9-Nov-10,9-Nov-10,ARV,Adult,SCMS from RDC,"Nevirapine 200mg, tablets, 60 Tabs",Nevirapine,Generic,200mg,Tablet,60,11022,28436.76,2.58,0.04,"Aurobindo Unit III, India",No,See DN-2047 (ID#:82925),See DN-2047 (ID#:82925),61.31
11189,113-ZW-T01,Pre-PQ Process,SO-281,DN-392,Zimbabwe,PMO - US,From RDC,N/A - From RDC,,Pre-PQ Process,N/A - From RDC,22-Oct-07,22-Oct-07,22-Oct-07,ARV,Adult,SCMS from RDC,"Nevirapine 200mg, tablets, 60 Tabs",Nevirapine,Generic,200mg,Tablet,60,500,1835.0,3.67,0.06,"Aurobindo Unit III, India",Yes,47,707.4,2.94
11740,109-TZ-T01,Pre-PQ Process,SO-757,DN-237,Tanzania,PMO - US,From RDC,N/A - From RDC,,Pre-PQ Process,N/A - From RDC,19-Jul-07,19-Jul-07,19-Jul-07,HRDT,HIV test,SCMS from RDC,"HIV 1/2, Capillus HIV Kit, 100 Tests","HIV 1/2, Capillus HIV Kit",Capillus,,Test kit,100,300,41700.0,139.0,1.39,"Trinity Biotech, Plc",Yes,176,2102,66.72
26260,102-BI-T30,FPQ-15492,SCMS-269300,ASN-32092,Burundi,PMO - US,Direct Drop,EXW,Air,12/4/14,1/26/15,7-Jul-15,7-Jul-15,8-Jul-15,HRDT,HIV test,"Orgenics, Ltd","HIV 1/2, Determine Complete HIV Kit, 100 Tests","HIV 1/2, Determine Complete HIV Kit",Determine,,Test kit,100,1582,126560.0,80.0,0.8,"Alere Medical Co., Ltd.",Yes,Weight Captured Separately,Invoiced Separately,148.96
82975,111-MZ-T30,FPQ-7053,SO-38635,DN-2325,Mozambique,PMO - US,From RDC,N/A - From RDC,Truck,1/24/11,N/A - From RDC,13-Oct-11,13-Oct-11,13-Oct-11,ARV,Adult,SCMS from RDC,"Efavirenz 600mg, tablets, 30 Tabs",Efavirenz,Generic,600mg,Tablet,30,45608,192465.76,4.22,0.14,Hetero Unit III Hyderabad IN,Yes,5406,7664.01,317.57
6411,116-ZA-T01,Pre-PQ Process,SCMS-41463,ASN-5420,South Africa,PMO - US,Direct Drop,DDP,Air,Pre-PQ Process,3/18/09,25-Jun-09,30-Oct-09,30-Oct-09,ARV,Pediatric,S. BUYS WHOLESALER,"Lamivudine 10mg/ml, oral solution, Bottle, 240 ml",Lamivudine,Generic,10mg/ml,Oral solution,240,3304,18667.6,5.65,0.02,"Aurobindo Unit III, India",Yes,Weight Captured Separately,Freight Included in Commodity Cost,40.25
8440,102-BW-T01,Pre-PQ Process,SCMS-22740,ASN-2400,Botswana,PMO - US,Direct Drop,EXW,Air,Pre-PQ Process,4/28/08,18-Nov-08,18-Nov-08,18-Nov-08,HRDT,HIV test,"Trinity Biotech, Plc","HIV 1/2, Uni-Gold HIV Kit, 20 Tests","HIV 1/2, Uni-Gold HIV Kit",Uni-Gold,,Test kit,20,500,16000.0,32.0,1.6,"Trinity Biotech, Plc",Yes,166,1225.17,25.6
57733,106-HT-T30,FPQ-11286,SCMS-176340,ASN-19535,Haiti,PMO - US,Direct Drop,EXW,Air,1/16/13,2/5/13,10-Jun-13,10-Jun-13,10-Jun-13,ARV,Adult,HETERO LABS LIMITED,"Lamivudine/Stavudine 150/30mg, tablets, 60 Tabs",Lamivudine/Stavudine,Generic,150/30mg,Tablet - FDC,60,336,836.64,2.49,0.04,Hetero Unit III Hyderabad IN,Yes,37,1845.9,1.03
86171,110-ZM-T30,FPQ-14575,SO-49280,DN-4154,Zambia,PMO - US,From RDC,N/A - From RDC,Truck,7/11/14,N/A - From RDC,27-Feb-15,25-Mar-15,26-Mar-15,ARV,Adult,SCMS from RDC,"Nevirapine 200mg, tablets, 60 Tabs",Nevirapine,Generic,200mg,Tablet,60,198040,431727.2,2.18,0.04,Hetero Unit III Hyderabad IN,No,See DN-4154 (ID#:84454),See DN-4154 (ID#:84454),443.82
55072,133-NG-T30,FPQ-12456,SCMS-196561,ASN-22348,Nigeria,PMO - US,Direct Drop,EXW,Air,6/10/13,7/10/13,7-Nov-13,7-Nov-13,17-Nov-13,HRDT,HIV test,"Orgenics, Ltd","HIV 1/2, Determine Complete HIV Kit, 100 Tests","HIV 1/2, Determine Complete HIV Kit",Determine,,Test kit,100,3053,271717.0,89.0,0.89,"Alere Medical Co., Ltd.",Yes,1240,20705.23,336.11
459,116-ZA-T01,Pre-PQ Process,SCMS-21460,ASN-1667,South Africa,PMO - US,Direct Drop,DDP,,Pre-PQ Process,4/4/08,25-Apr-08,7-Apr-08,7-Apr-08,ARV,Pediatric,S. BUYS WHOLESALER,"Didanosine 25mg [Videx], chewable tablets, 60 Tabs",Didanosine,Videx,25mg,Chewable/dispersible tablet,60,6,77.1,12.85,0.21,"BMS Meymac, France",Yes,Weight Captured Separately,Freight Included in Commodity Cost,0.12
27708,104-CI-T30,FPQ-9554,SCMS-142490,ASN-14433,Côte d'Ivoire,PMO - US,Direct Drop,EXW,Air,3/19/12,3/27/12,25-Apr-12,25-Apr-12,25-Apr-12,HRDT,HIV test,"Orgenics, Ltd","HIV 1/2, Determine Complete HIV Kit, 100 Tests","HIV 1/2, Determine Complete HIV Kit",Determine,,Test kit,100,596,47680.0,80.0,0.8,"Alere Medical Co., Ltd.",Yes,287,7024.86,66.85
64438,108-VN-T30,FPQ-13976,SCMS-236090,ASN-28220,Vietnam,PMO - US,Direct Drop,FCA,Air,4/8/14,4/30/14,29-Oct-14,29-Oct-14,4-Nov-14,ARV,Adult,ABBVIE LOGISTICS (FORMERLY ABBOTT LOGISTICS BV),"Lopinavir/Ritonavir 200/50mg [Aluvia], tablets, 120 Tabs",Lopinavir/Ritonavir,Aluvia,200/50mg,Tablet,120,7000,425740.0,60.82,0.51,ABBVIE Ludwigshafen Germany,Yes,1714,4881.42,437.66
84984,102-BI-T30,FPQ-14112,SO-48630,DN-3952,Burundi,PMO - US,From RDC,N/A - From RDC,Air,4/18/14,N/A - From RDC,31-Oct-14,15-Oct-14,28-Oct-14,ARV,Adult,SCMS from RDC,"Lamivudine/Zidovudine 150/300mg, tablets, 60 Tabs",Lamivudine/Zidovudine,Generic,150/300mg,Tablet - FDC,60,2532,16711.2,6.6,0.11,Mylan (formerly Matrix) Nashik,No,See DN-3952 (ID#:82736),See DN-3952 (ID#:82736),17.18
11280,100-PK-T01,Pre-PQ Process,SO-14930,DN-1004,Pakistan,PMO - US,From RDC,N/A - From RDC,Air,Pre-PQ Process,N/A - From RDC,17-Nov-08,17-Nov-08,17-Nov-08,HRDT,HIV test,SCMS from RDC,"HIV 1/2, Uni-Gold HIV Kit, 20 Tests","HIV 1/2, Uni-Gold HIV Kit",Uni-Gold,,Test kit,20,25,800.0,32.0,1.6,"Trinity Biotech, Plc",Yes,19,851.24,1.57
7091,102-BW-T01,Pre-PQ Process,SCMS-22680,ASN-1832,Botswana,PMO - US,Direct Drop,EXW,Air,Pre-PQ Process,4/28/08,3-Jul-08,3-Jul-08,3-Jul-08,HRDT,HIV test,"Trinity Biotech, Plc","HIV 1/2, Uni-Gold HIV Kit, 20 Tests","HIV 1/2, Uni-Gold HIV Kit",Uni-Gold,,Test kit,20,500,16000.0,32.0,1.6,"Trinity Biotech, Plc",Yes,500,2442.32,25.6
11511,113-ZW-T01,Pre-PQ Process,SO-1439,DN-477,Zimbabwe,PMO - US,From RDC,N/A - From RDC,Air,Pre-PQ Process,N/A - From RDC,11-Jan-08,11-Jan-08,11-Jan-08,HRDT,HIV test,SCMS from RDC,"HIV 1/2, Bioline 3.0 Kit, Lancets, Capillary pipets, Alcohol swabs included, 25 Tests","HIV 1/2, Bioline 3.0 Kit, Lancets, Capillary pipets, Alcohol swabs included",Bioline,,Test kit,25,3508,70160.0,20.0,0.8,"Standard Diagnostics, Korea",Yes,1052,4641.85,112.26
11409,111-MZ-T01,Pre-PQ Process,SO-577,DN-279,Mozambique,PMO - US,From RDC,N/A - From RDC,Air,Pre-PQ Process,N/A - From RDC,21-Sep-07,21-Sep-07,21-Sep-07,ARV,Pediatric,SCMS from RDC,"Efavirenz 50mg, capsule, 30 Caps",Efavirenz,Generic,50mg,Capsule,30,570,1949.4,3.42,0.11,"Aurobindo Unit III, India",Yes,35,364.51,3.12
55009,116-ZA-T30,FPQ-13973,SCMS-238550,ASN-30792,South Africa,PMO - US,Direct Drop,DDP,Truck,4/30/14,5/8/14,19-Feb-15,19-Feb-15,19-Feb-15,ARV,Adult,PHARMACY DIRECT,"Lamivudine/Zidovudine 150/300mg, tablets, 60 Tabs",Lamivudine/Zidovudine,Generic,150/300mg,Tablet - FDC,60,3,93.57,31.19,0.52,"Aurobindo Unit III, India",No,Weight Captured Separately,Freight Included in Commodity Cost,0.1
82650,109-TZ-T30,FPQ-12354,SO-45742,DN-3532,Tanzania,PMO - US,From RDC,N/A - From RDC,Truck,5/16/13,N/A - From RDC,31-Jan-14,19-Feb-14,24-Feb-14,ARV,Adult,SCMS from RDC,"Efavirenz/Lamivudine/Tenofovir Disoproxil Fumarate 600/300/300mg, tablets, 30 Tabs",Efavirenz/Lamivudine/Tenofovir Disoproxil Fumarate,Generic,600/300/300mg,Tablet - FDC,30,46066,500737.42,10.87,0.36,Mylan (formerly Matrix) Nashik,Yes,5175,3541.59,619.41
14433,116-ZA-T30,FPQ-4770,SCMS-60170,ASN-5933,South Africa,PMO - US,Direct Drop,DDP,Truck,12/17/09,12/23/09,29-Dec-09,29-Dec-09,29-Dec-09,ARV,Adult,S. BUYS WHOLESALER,"Emtricitabine/Tenofovir Disoproxil Fumarate 200/300mg [Truvada], tablets, 30 Tabs",Emtricitabine/Tenofovir Disoproxil Fumarate,Truvada,300/200mg,Tablet - FDC,30,100,4669.76,46.7,1.56,"Aspen-OSD, Port Elizabeth, SA",Yes,Weight Captured Separately,Freight Included in Commodity Cost,10.07
10628,104-CI-T01,Pre-PQ Process,SO-845,DN-376,Côte d'Ivoire,PMO - US,From RDC,N/A - From RDC,Air,Pre-PQ Process,N/A - From RDC,2-Oct-07,2-Oct-07,2-Oct-07,HRDT,HIV test,SCMS from RDC,"HIV 1/2, Determine Complete HIV Kit, 100 Tests","HIV 1/2, Determine Complete HIV Kit",Determine,,Test kit,100,1150,82800.0,72.0,0.72,Inverness Japan,Yes,476,2172,132.48
7244,116-ZA-T01,Pre-PQ Process,SCMS-26820,ASN-2488,South Africa,PMO - US,Direct Drop,DDP,Truck,Pre-PQ Process,Date Not Captured,10-Jul-08,8-Jul-08,8-Jul-08,ARV,Adult,S. BUYS WHOLESALER,"Nevirapine 200mg, tablets, 60 Tabs",Nevirapine,Generic,200mg,Tablet,60,120,2428.8,20.24,0.34,"Cipla, Goa, India",No,Weight Captured Separately,Freight Included in Commodity Cost,3.89
61715,107-RW-T30,FPQ-8741,SCMS-129500,ASN-15287,Rwanda,PMO - US,Direct Drop,EXW,Air,11/30/11,3/14/12,29-Jun-12,29-Jun-12,29-Jun-12,ARV,Pediatric,CIPLA LIMITED,"Abacavir 20mg/ml, oral solution, Bottle, 240 ml",Abacavir,Generic,20mg/ml,Oral solution,240,4192,35632.0,8.5,0.04,"Cipla, Goa, India",Yes,1514,6072.8,49.96
10983,106-HT-T01,Pre-PQ Process,SO-15960,DN-946,Haiti,PMO - US,From RDC,N/A - From RDC,Air,Pre-PQ Process,N/A - From RDC,20-Oct-08,20-Oct-08,20-Oct-08,ARV,Adult,SCMS from RDC,"Nevirapine 200mg, tablets, 60 Tabs",Nevirapine,Generic,200mg,Tablet,60,20186,64595.2,3.2,0.05,"Aurobindo Unit III, India",Yes,4218,43041.34,103.35
8648,133-NG-T01,Pre-PQ Process,SCMS-28870,ASN-2794,Nigeria,PMO - US,Direct Drop,EXW,Air,Pre-PQ Process,8/26/08,15-Jan-09,20-Nov-08,20-Nov-08,HRDT,HIV test,"CHEMBIO DIAGNOSTIC SYSTEMS, INC.","HIV 1/2, Stat-Pak HIV, Kit, 20 Tests","HIV 1/2, Stat-Pak HIV, Kit",Stat-Pak,,Test kit,20,10594,286038.0,27.0,1.35,Chembio Diagnostics Sys. Inc.,Yes,3039,24025.77,560.63
47089,116-ZA-T30,FPQ-11828,SCMS-183950,ASN-19166,South Africa,South Africa Field Office,Direct Drop,DDP,Truck,3/18/13,Date Not Captured,16-Apr-13,16-Apr-13,16-Apr-13,ARV,Pediatric,S. BUYS WHOLESALER,"Lamivudine 10mg/ml, oral solution, Bottle, 240 ml",Lamivudine,Generic,10mg/ml,Oral solution,240,517,2812.74,5.44,0.02,"Cipla, Goa, India",No,Weight Captured Separately,Freight Included in Commodity Cost,3.48
82761,107-RW-T30,FPQ-14893,SO-49990,DN-4055,Rwanda,PMO - US,From RDC,N/A - From RDC,Air,10/15/14,N/A - From RDC,31-Jan-15,24-Dec-14,31-Dec-14,ARV,Adult,SCMS from RDC,"Tenofovir Disoproxil Fumarate 300mg, tablets, 30 Tabs",Tenofovir Disoproxil Fumarate,Generic,300mg,Tablet,30,189,691.74,3.66,0.12,Hetero Unit III Hyderabad IN,Yes,15,925.6,0.71
4198,108-VN-T01,Pre-PQ Process,SCMS-14211,ASN-1341,Vietnam,PMO - US,Direct Drop,FCA,Air,Pre-PQ Process,12/6/07,22-Jan-08,7-Mar-08,7-Mar-08,ARV,Adult,ABBVIE LOGISTICS (FORMERLY ABBOTT LOGISTICS BV),"Lopinavir/Ritonavir 200/50mg [Aluvia], tablets, 120 Tabs",Lopinavir/Ritonavir,Aluvia,200/50mg,Tablet,120,2000,164400.0,82.2,0.68,ABBVIE Ludwigshafen Germany,Yes,513,5866.31,263.04
76586,133-NG-T30,FPQ-12456,SCMS-196550,ASN-21949,Nigeria,PMO - US,Direct Drop,EXW,Air,6/10/13,7/10/13,24-Oct-13,24-Oct-13,1-Nov-13,HRDT,HIV test,"Trinity Biotech, Plc","HIV 1/2, Uni-Gold HIV Kit, 20 Tests","HIV 1/2, Uni-Gold HIV Kit",Uni-Gold,,Test kit,20,6355,203360.0,32.0,1.6,"Trinity Biotech, Plc",Yes,290,15450.88,251.56
84576,151-NG-T30,FPQ-5023,SO-36530,DN-1924,Nigeria,PMO - US,From RDC,N/A - From RDC,Air,2/10/10,N/A - From RDC,15-Jul-10,28-Jun-10,28-Jun-10,ARV,Adult,SCMS from RDC,"Lamivudine/Zidovudine+Efavirenz 150/300mg+600mg, tablets, co-blister 60+30 Tabs",Lamivudine/Zidovudine+Efavirenz,Generic,150/300mg+600mg,Tablet - FDC + co-blister,90,87,1827.0,21.0,0.23,"Aurobindo Unit III, India",Yes,42,Freight Included in Commodity Cost,3.94
78715,161-ZA-T30,FPQ-7175,SCMS-103930,ASN-12290,South Africa,PMO - US,Direct Drop,DDP,Ocean,3/10/11,3/28/11,23-Nov-11,23-Nov-11,23-Nov-11,ARV,Adult,STRIDES ARCOLAB LIMITED,"Lamivudine 150mg, tablets, 60 Tabs",Lamivudine,Generic,150mg,Tablet,60,515000,1251450.0,2.43,0.04,"Strides, Bangalore, India.",Yes,23655,37401.43,2064.89
66349,900-SS-T30,FPQ-8611,SCMS-127500,ASN-13396,South Sudan,PMO - US,Direct Drop,EXW,Air,11/4/11,11/16/11,9-Feb-12,9-Feb-12,9-Feb-12,HRDT,HIV test,"Trinity Biotech, Plc","HIV 1/2, Uni-Gold HIV Kit, 20 Tests","HIV 1/2, Uni-Gold HIV Kit",Uni-Gold,,Test kit,20,240,7680.0,32.0,1.6,"Trinity Biotech, Plc",Yes,82,1504.59,10.77
80423,114-UG-T30,FPQ-6504,SCMS-91720,ASN-9221,Uganda,PMO - US,Direct Drop,EXW,Air,10/31/10,11/18/10,31-Dec-10,31-Dec-10,31-Dec-10,ARV,Adult,ASPEN PHARMACARE,"Darunavir 300mg [Prezista], tablets, 120 Tabs",Darunavir,Prezista,300mg,Tablet,120,175,15750.0,90.0,0.75,"Aspen-OSD, Port Elizabeth, SA",Yes,37,1333.01,25.99
11560,117-ET-T01,Pre-PQ Process,SO-18340,DN-1003,Ethiopia,PMO - US,From RDC,N/A - From RDC,Air,Pre-PQ Process,N/A - From RDC,11-Nov-08,11-Nov-08,11-Nov-08,ARV,Adult,SCMS from RDC,"Zidovudine 300mg, tablets, 60 Tabs",Zidovudine,Generic,300mg,Tablet,60,5000,39500.0,7.9,0.13,"Aurobindo Unit III, India",Yes,229,1774.3,77.42
84018,151-NG-T30,FPQ-5023,SO-36522,DN-1923,Nigeria,PMO - US,From RDC,N/A - From RDC,Air,2/10/10,N/A - From RDC,15-Jul-10,28-Jun-10,28-Jun-10,ARV,Pediatric,SCMS from RDC,"Efavirenz 200mg, capsule, 90 Caps",Efavirenz,Generic,200mg,Capsule,90,500,4855.0,9.71,0.11,"Aurobindo Unit III, India",Yes,60,Freight Included in Commodity Cost,10.47
84056,114-UG-T30,FPQ-6427,SO-38180,DN-2084,Uganda,PMO - US,From RDC,N/A - From RDC,Truck,9/29/10,N/A - From RDC,7-Feb-11,14-Jan-11,14-Jan-11,ARV,Adult,SCMS from RDC,"Lamivudine/Nevirapine/Zidovudine 150/200/300mg, tablets, 60 Tabs",Lamivudine/Nevirapine/Zidovudine,Generic,150/300/200mg,Tablet - FDC,60,69202,776446.44,11.22,0.19,"Aurobindo Unit III, India",Yes,9299,54009.25,1674.02
46468,161-ZA-T30,FPQ-7175,SCMS-103910,ASN-11194,South Africa,PMO - US,Direct Drop,DDP,Ocean,3/10/11,3/28/11,6-Sep-11,6-Sep-11,6-Sep-11,ARV,Adult,STRIDES ARCOLAB LIMITED,"Lamivudine 150mg, tablets, 60 Tabs",Lamivudine,Generic,150mg,Tablet,60,515000,1251450.0,2.43,0.04,"Strides, Bangalore, India.",Yes,Weight Captured Separately,Freight Included in Commodity Cost,2064.89
86245,114-UG-T30,FPQ-4454,SO-34300,DN-1551,Uganda,PMO - US,From RDC,N/A - From RDC,Air,9/25/09,N/A - From RDC,17-Jan-10,25-Nov-09,25-Nov-09,ARV,Adult,SCMS from RDC,"Lamivudine/Tenofovir Disoproxil Fumarate 300/300mg, tablets, 30 Tabs",Lamivudine/Tenofovir Disoproxil Fumarate,Generic,300/300mg,Tablet - FDC,30,2150,21500.0,10.0,0.33,Mylan (formerly Matrix) Nashik,Yes,179,2196.29,42.14
39971,108-VN-T30,FPQ-10286,SCMS-155700,ASN-17019,Vietnam,PMO - US,Direct Drop,FCA,Air,7/25/12,8/14/12,11-Dec-12,11-Dec-12,11-Dec-12,ARV,Pediatric,ABBVIE LOGISTICS (FORMERLY ABBOTT LOGISTICS BV),"Lopinavir/Ritonavir 100/25mg [Aluvia], tablets, 60 Tabs",Lopinavir/Ritonavir,Generic,100/25mg,Tablet,60,104,1581.84,15.21,0.25,ABBVIE Ludwigshafen Germany,Yes,18,612.07,2.22
85228,101-CD-T30,FPQ-8840,SO-41145,DN-2509,"Congo, DRC",PMO - US,From RDC,N/A - From RDC,Air,11/21/11,N/A - From RDC,16-Mar-12,13-Apr-12,13-Apr-12,ARV,Pediatric,SCMS from RDC,"Nevirapine 10mg/ml, oral suspension w/syringe, Bottle, 240 ml",Nevirapine,Generic,10mg/ml,Oral suspension,240,151,294.45,1.95,0.01,"Aurobindo Unit III, India",No,See DN-2509 (ID#:82441),See DN-2509 (ID#:82441),0.41
19620,104-CI-T30,FPQ-6661,SCMS-91830,ASN-9057,Côte d'Ivoire,PMO - US,Direct Drop,FCA,Air,11/4/10,11/11/10,14-Jan-11,14-Jan-11,14-Jan-11,ARV,Adult,ABBVIE LOGISTICS (FORMERLY ABBOTT LOGISTICS BV),"Lopinavir/Ritonavir 200/50mg [Aluvia], tablets, 120 Tabs",Lopinavir/Ritonavir,Aluvia,200/50mg,Tablet,120,7320,264691.2,36.16,0.3,ABBVIE Ludwigshafen Germany,Yes,1838,13562.36,436.74
85852,104-CI-T30,FPQ-8363,SO-40830,DN-2612,Côte d'Ivoire,PMO - US,From RDC,N/A - From RDC,Truck,8/29/11,N/A - From RDC,27-Apr-12,19-Apr-12,19-Apr-12,ARV,Adult,SCMS from RDC,"Lamivudine/Zidovudine 150/300mg, tablets, 60 Tabs",Lamivudine/Zidovudine,Generic,150/300mg,Tablet - FDC,60,5,41.3,8.26,0.14,Mylan (formerly Matrix) Nashik,No,See DN-2612 (ID#:84157),See DN-2612 (ID#:84157),0.07
58425,116-ZA-T30,FPQ-3560,SCMS-49642,ASN-5244,South Africa,PMO - US,Direct Drop,DDP,Truck,5/7/09,7/21/09,19-Nov-09,19-Nov-09,19-Nov-09,ARV,Pediatric,S. BUYS WHOLESALER,"Abacavir 20mg/ml [Ziagen], oral solution, Bottle, 240 ml",Abacavir,Ziagen,20mg/ml,Oral solution,240,1,19.97,19.97,0.08,GSK Mississauga (Canada),Yes,Weight Captured Separately,Freight Included in Commodity Cost,0.04
10728,130-NG-T01,Pre-PQ Process,SO-10580,DN-909,Nigeria,PMO - US,From RDC,N/A - From RDC,Air,Pre-PQ Process,N/A - From RDC,22-Sep-08,22-Sep-08,22-Sep-08,ARV,Adult,SCMS from RDC,"Lamivudine/Zidovudine 150/300mg, tablets, 60 Tabs",Lamivudine/Zidovudine,Generic,150/300mg,Tablet - FDC,60,1894,17708.9,9.35,0.16,Mylan (formerly Matrix) Nashik,No,See DN-909 (ID#:10727),See DN-909 (ID#:10727),28.33
1223,116-ZA-T01,Pre-PQ Process,SCMS-47051,ASN-4836,South Africa,PMO - US,Direct Drop,DDP,Truck,Pre-PQ Process,6/5/09,12-Oct-09,28-Jul-09,28-Jul-09,ARV,Pediatric,S. BUYS WHOLESALER,"Lamivudine 10mg/ml [Epivir], oral solution, Bottle, 240 ml",Lamivudine,Epivir,10mg/ml,Oral solution,240,460,2838.2,6.17,0.03,GSK Mississauga (Canada),Yes,Weight Captured Separately,Freight Included in Commodity Cost,5.56
80918,116-ZA-T30,FPQ-3560,SCMS-49642,ASN-5244,South Africa,PMO - US,Direct Drop,DDP,Truck,5/7/09,7/21/09,19-Nov-09,19-Nov-09,19-Nov-09,ARV,Adult,S. BUYS WHOLESALER,"Didanosine EC 400mg [Videx EC], delayed-release capsules, Blister 3 x 10 Caps",Didanosine EC,Videx EC,400mg,Delayed-release capsules - blister,30,190,1581.34,8.32,0.28,"BMS Meymac, France",No,Weight Captured Separately,Freight Included in Commodity Cost,3.1
11052,114-UG-T01,Pre-PQ Process,SO-31140,DN-1262,Uganda,PMO - US,From RDC,N/A - From RDC,Air,Pre-PQ Process,N/A - From RDC,1-Jun-09,1-Jun-09,1-Jun-09,ARV,Adult,SCMS from RDC,"Zidovudine 300mg, tablets, 60 Tabs",Zidovudine,Generic,300mg,Tablet,60,105,809.55,7.71,0.13,"Aurobindo Unit III, India",Yes,6,1053.86,1.59
71391,153-NA-T30,FPQ-9698,SCMS-144300,ASN-15068,Namibia,PMO - US,Direct Drop,EXW,Air,4/12/12,5/2/12,16-Jul-12,16-Jul-12,16-Jul-12,HRDT,HIV test,"Trinity Biotech, Plc","HIV 1/2, Uni-Gold HIV Kit, 20 Tests","HIV 1/2, Uni-Gold HIV Kit",Uni-Gold,,Test kit,20,416,13312.0,32.0,1.6,"Trinity Biotech, Plc",Yes,249,1640.99,18.66
82911,100-DO-T30,FPQ-6079,SO-37200,DN-1985,Dominican Republic,PMO - US,From RDC,N/A - From RDC,Air,7/16/10,N/A - From RDC,30-Aug-10,28-Aug-10,28-Aug-10,ARV,Adult,SCMS from RDC,"Lamivudine/Tenofovir Disoproxil Fumarate 300/300mg, tablets, 30 Tabs",Lamivudine/Tenofovir Disoproxil Fumarate,Generic,300/300mg,Tablet - FDC,30,6000,57780.0,9.63,0.32,Mylan (formerly Matrix) Nashik,Yes,1726,17450.76,124.57
49694,161-ZA-T30,FPQ-6262,SCMS-83770,ASN-9935,South Africa,PMO - US,Direct Drop,DDP,Ocean,8/31/10,9/24/10,7-Apr-11,7-Apr-11,7-Apr-11,ARV,Adult,Aurobindo Pharma Limited,"Zidovudine 300mg, tablets, 60 Tabs",Zidovudine,Generic,300mg,Tablet,60,70030,513319.9,7.33,0.12,"Aurobindo Unit III, India",Yes,3534,17919.41,1106.72
1198,119-NA-T01,Pre-PQ Process,SCMS-46120,ASN-4659,Namibia,PMO - US,Direct Drop,EXW,Air,Pre-PQ Process,5/18/09,1-Sep-09,1-Sep-09,1-Sep-09,HRDT,HIV test,"Orgenics, Ltd","HIV 1/2, Clearview Complete Kit, 25 Tests","HIV 1/2, Clearview Complete Kit",Clearview,,Test kit,25,67,5025.0,75.0,3.0,Chembio Diagnostics Sys. Inc.,Yes,48,401.97,9.85
10857,104-CI-T01,Pre-PQ Process,SO-963,DN-323,Côte d'Ivoire,PMO - US,From RDC,N/A - From RDC,,Pre-PQ Process,N/A - From RDC,14-Sep-07,14-Sep-07,14-Sep-07,ARV,Adult,SCMS from RDC,"Stavudine 30mg, capsules, 60 Caps",Stavudine,Generic,30mg,Capsule,60,3285,4993.2,1.52,0.03,"Strides, Bangalore, India.",No,See DN-323 (ID#:10588),See DN-323 (ID#:10588),7.99
8461,108-VN-T01,Pre-PQ Process,SCMS-23440,ASN-2335,Vietnam,PMO - US,Direct Drop,EXW,Air,Pre-PQ Process,5/13/08,20-Sep-08,20-Sep-08,20-Sep-08,ARV,Adult,MYLAN LABORATORIES LTD (FORMERLY MATRIX LABORATORIES),"Zidovudine 300mg, tablets, 60 Tabs",Zidovudine,Generic,300mg,Tablet,60,432,3240.0,7.5,0.12,Mylan (formerly Matrix) Nashik,No,See ASN-2335 (ID#:5796),See ASN-2335 (ID#:5796),5.18
70184,116-ZA-T30,FPQ-7176,SCMS-104410,ASN-10873,South Africa,PMO - US,Direct Drop,DDP,Ocean,3/10/11,4/1/11,6-Aug-11,6-Aug-11,6-Aug-11,ARV,Adult,CIPLA LIMITED,"Tenofovir Disoproxil Fumarate 300mg, tablets, 30 Tabs",Tenofovir Disoproxil Fumarate,Generic,300mg,Tablet,30,65000,420550.0,6.47,0.22,"Cipla, Goa, India",Yes,4364,10758.45,693.91
83326,114-UG-T30,FPQ-15294,SO-50050,DN-4218,Uganda,PMO - US,From RDC,N/A - From RDC,Truck,11/3/14,N/A - From RDC,15-Jun-15,14-May-15,15-May-15,ARV,Pediatric,SCMS from RDC,"Lamivudine/Zidovudine 30/60mg, dispersible tablets, 60 Tabs",Lamivudine/Zidovudine,Generic,30/60mg,Chewable/dispersible tablet - FDC,60,7559,14513.28,1.92,0.03,"Cipla, Goa, India",Yes,21710,18500.5,17.08
85241,151-NG-T30,FPQ-8952,SO-41265,DN-2567,Nigeria,PMO - US,From RDC,N/A - From RDC,Air Charter,12/8/11,N/A - From RDC,20-Jun-12,16-Feb-12,16-Feb-12,ARV,Adult,SCMS from RDC,"Lamivudine 150mg, tablets, 60 Tabs",Lamivudine,Generic,150mg,Tablet,60,19501,45437.33,2.33,0.04,Hetero Unit III Hyderabad IN,Yes,2046,25231.96,63.7
40840,101-CD-T30,FPQ-14654,SCMS-253260,ASN-28279,"Congo, DRC",PMO - US,Direct Drop,EXW,Air,8/11/14,8/27/14,4-Nov-14,4-Nov-14,20-Nov-14,HRDT,HIV test,"Trinity Biotech, Plc","HIV 1/2, Uni-Gold HIV Kit, 20 Tests","HIV 1/2, Uni-Gold HIV Kit",Uni-Gold,,Test kit,20,89,2848.0,32.0,1.6,"Trinity Biotech, Plc",No,See ASN-28279 (ID#:13547),See ASN-28279 (ID#:13547),2.93
81920,106-HT-T30,FPQ-10555,SCMS-158630,ASN-16286,Haiti,PMO - US,Direct Drop,EXW,Air,8/24/12,8/29/12,4-Oct-12,4-Oct-12,4-Oct-12,ARV,Pediatric,Aurobindo Pharma Limited,"Lamivudine 10mg/ml, oral solution w/syringe, Bottle, 240 ml",Lamivudine,Generic,10mg/ml,Oral solution,240,3528,6526.8,1.85,0.01,"Aurobindo Unit III, India",Yes,1296,9230.19,9.15
55220,116-ZA-T30,FPQ-14942,SCMS-259075,ASN-32122,South Africa,PMO - US,Direct Drop,DDP,Truck,9/11/14,5/11/15,12-May-15,12-May-15,12-May-15,ARV,Adult,PHARMACY DIRECT,"Nevirapine 200mg, tablets, 60 Tabs",Nevirapine,Generic,200mg,Tablet,60,20,256.48,12.82,0.21,"Aurobindo Unit III, India",No,Weight Captured Separately,Freight Included in Commodity Cost,0.26
10401,102-KE-T01,Pre-PQ Process,SCMS-42960,ASN-4500,Kenya,PMO - US,Direct Drop,EXW,Air,Pre-PQ Process,4/6/09,7-Aug-09,7-Aug-09,7-Aug-09,HRDT,HIV test,"Orgenics, Ltd","HIV 1/2, Determine Complete HIV Kit, 100 Tests","HIV 1/2, Determine Complete HIV Kit",Determine,,Test kit,100,7500,600000.0,80.0,0.8,Inverness Japan,Yes,2215,17662.98,1176.0
68494,108-VN-T30,FPQ-4265,SCMS-56330,ASN-6062,Vietnam,PMO - US,Direct Drop,EXW,Air,10/20/09,11/3/09,13-Mar-10,13-Mar-10,13-Mar-10,ARV,Adult,MYLAN LABORATORIES LTD (FORMERLY MATRIX LABORATORIES),"Efavirenz 600mg, tablets, 30 Tabs",Efavirenz,Generic,600mg,Tablet,30,19152,124488.0,6.5,0.22,Mylan (formerly Matrix) Nashik,Yes,1503,11884.14,244.0
11474,100-ZW-T01,Pre-PQ Process,SO-706,DN-401,Zimbabwe,PMO - US,From RDC,N/A - From RDC,Air,Pre-PQ Process,N/A - From RDC,25-Nov-07,25-Nov-07,25-Nov-07,ARV,Adult,SCMS from RDC,"Efavirenz 600mg, tablets, 30 Tabs",Efavirenz,Generic,600mg,Tablet,30,1860,23101.2,12.42,0.41,"Cipla, Goa, India",Yes,4256,5145.86,36.96
12602,114-UG-T01,Pre-PQ Process,SO-31460,DN-1300,Uganda,PMO - US,From RDC,N/A - From RDC,Air,Date Not Captured,N/A - From RDC,15-Sep-09,15-Sep-09,15-Sep-09,ARV,Adult,SCMS from RDC,"Nevirapine 200mg, tablets, 60 Tabs",Nevirapine,Generic,200mg,Tablet,60,2250,6525.0,2.9,0.05,"Aurobindo Unit III, India",No,See DN-1300 (ID#:11669),See DN-1300 (ID#:11669),12.79
82482,113-ZW-T30,FPQ-7560,SO-39460,DN-2696,Zimbabwe,PMO - US,From RDC,N/A - From RDC,Truck,4/26/11,N/A - From RDC,31-Jul-12,27-Jun-12,27-Jun-12,ARV,Adult,SCMS from RDC,"Zidovudine 300mg, tablets, 60 Tabs",Zidovudine,Generic,300mg,Tablet,60,36192,254067.84,7.02,0.12,Mylan (formerly Matrix) Nashik,Yes,2036,5530.12,419.21
12780,131-NG-T01,Pre-PQ Process,SO-2575,DN-737,Nigeria,PMO - US,From RDC,N/A - From RDC,Air,Pre-PQ Process,N/A - From RDC,14-May-08,14-May-08,14-May-08,ARV,Adult,SCMS from RDC,"Lamivudine/Nevirapine/Zidovudine 150/200/300mg, tablets, 60 Tabs",Lamivudine/Nevirapine/Zidovudine,Generic,150/300/200mg,Tablet - FDC,60,16610,220580.8,13.28,0.22,"Cipla, Goa, India",No,See DN-737 (ID#:11533),See DN-737 (ID#:11533),352.93
44330,116-ZA-T30,FPQ-12522,SCMS-199283,ASN-27979,South Africa,PMO - US,Direct Drop,DDP,Truck,7/11/13,8/27/14,27-Aug-14,27-Aug-14,27-Aug-14,ARV,Pediatric,S. BUYS WHOLESALER,"Lamivudine 10mg/ml, oral solution w/syringe, Bottle, 240 ml",Lamivudine,Generic,10mg/ml,Oral solution,240,14,111.95,8.0,0.03,"Aurobindo Unit III, India",No,Weight Captured Separately,Freight Included in Commodity Cost,0.14
10726,110-ZM-T01,Pre-PQ Process,SO-2492,DN-966,Zambia,PMO - US,From RDC,N/A - From RDC,Truck,Pre-PQ Process,N/A - From RDC,7-Nov-08,7-Nov-08,7-Nov-08,ARV,Adult,SCMS from RDC,"Nevirapine 200mg, tablets, 60 Tabs",Nevirapine,Generic,200mg,Tablet,60,50000,170000.0,3.4,0.06,Hetero Unit III Hyderabad IN,Yes,2764,2938.92,333.2
17900,901-NA-T30,FPQ-14689,SCMS-253440,ASN-29097,Namibia,PMO - US,Direct Drop,EXW,Air,7/30/14,8/29/14,19-Nov-14,19-Nov-14,19-Nov-14,ARV,Adult,HETERO LABS LIMITED,"Lamivudine/Zidovudine 150/300mg, tablets, 60 Tabs",Lamivudine/Zidovudine,Generic,150/300mg,Tablet - FDC,60,26663,176242.43,6.61,0.11,"Hetero, Jadcherla, unit 5, IN",Yes,4233,26663.64,181.18
33665,105-GH-T30,FPQ-14050,SCMS-236690,ASN-27495,Ghana,PMO - US,Direct Drop,EXW,Air,4/12/14,5/15/14,11-Sep-14,11-Sep-14,11-Sep-14,ARV,Adult,MYLAN LABORATORIES LTD (FORMERLY MATRIX LABORATORIES),"Efavirenz/Lamivudine/Tenofovir Disoproxil Fumarate 600/300/300mg, tablets, 30 Tabs",Efavirenz/Lamivudine/Tenofovir Disoproxil Fumarate,Generic,600/300/300mg,Tablet - FDC,30,38692,415552.08,10.74,0.36,Mylan (formerly Matrix) Nashik,Yes,4707,32683.47,427.19
82511,900-SS-T30,FPQ-10517,SO-43070,DN-2858,South Sudan,PMO - US,From RDC,N/A - From RDC,Air,8/17/12,N/A - From RDC,15-Nov-12,23-Oct-12,23-Oct-12,ARV,Adult,SCMS from RDC,"Lamivudine 150mg, tablets, 60 Tabs",Lamivudine,Generic,150mg,Tablet,60,270,599.4,2.22,0.04,Hetero Unit III Hyderabad IN,Yes,513,4934.43,0.84
84767,113-ZW-T30,FPQ-7560,SO-39480,DN-2930,Zimbabwe,PMO - US,From RDC,N/A - From RDC,Truck,4/26/11,N/A - From RDC,19-Dec-12,13-Dec-12,13-Dec-12,ARV,Adult,SCMS from RDC,"Zidovudine 300mg, tablets, 60 Tabs",Zidovudine,Generic,300mg,Tablet,60,35061,237012.36,6.76,0.11,"Cipla, Goa, India",Yes,2247,8194.09,391.07
54840,133-NG-T30,FPQ-10765,SCMS-162440,ASN-17524,Nigeria,PMO - US,Direct Drop,EXW,Air,10/5/12,10/16/12,9-Jan-13,8-Jan-13,8-Jan-13,HRDT,HIV test,"Orgenics, Ltd","HIV 1/2, Determine Complete HIV Kit, 100 Tests","HIV 1/2, Determine Complete HIV Kit",Determine,,Test kit,100,2744,244216.0,89.0,0.89,"Alere Medical Co., Ltd.",Yes,1186,24927.19,342.39
48065,161-ZA-T30,FPQ-5303,SCMS-68952,ASN-7506,South Africa,PMO - US,Direct Drop,DDP,Air,3/18/10,3/19/10,24-Aug-10,24-Aug-10,24-Aug-10,ARV,Pediatric,Aurobindo Pharma Limited,"Lamivudine 10mg/ml, oral solution w/syringe, Bottle, 240 ml",Lamivudine,Generic,10mg/ml,Oral solution,240,11668,35004.0,3.0,0.01,"Aurobindo Unit III, India",Yes,4396,3283.59,75.47
58264,108-VN-T30,FPQ-3896,SCMS-48290,ASN-4872,Vietnam,PMO - US,Direct Drop,EXW,Air,6/25/09,6/29/09,30-Sep-09,30-Sep-09,30-Sep-09,ARV,Adult,MYLAN LABORATORIES LTD (FORMERLY MATRIX LABORATORIES),"Tenofovir Disoproxil Fumarate 300mg, tablets, 30 Tabs",Tenofovir Disoproxil Fumarate,Generic,300mg,Tablet,30,2520,20790.0,8.25,0.28,Mylan (formerly Matrix) Nashik,No,See ASN-4872 (ID#:13652),See ASN-4872 (ID#:13652),40.75
55474,104-CI-T30,FPQ-3967,SCMS-52710,ASN-5582,Côte d'Ivoire,PMO - US,Direct Drop,CIP,Air,8/21/09,9/25/09,18-Dec-09,18-Dec-09,18-Dec-09,ARV,Adult,MERCK SHARP & DOHME IDEA GMBH (FORMALLY MERCK SHARP & DOHME B.V.),"Efavirenz/Emtricitabine/Tenofovir Disoproxil Fumarate 600/200/300mg [Atripla], tablets, 30 Tabs",Efavirenz/Emtricitabine/Tenofovir Disoproxil Fumarate,Atripla,600/200/300mg,Tablet - FDC,30,5320,268128.0,50.4,1.68,"MSD, Haarlem, NL",Yes,464,30,525.53
11068,114-UG-T01,Pre-PQ Process,SO-30150,DN-1426,Uganda,PMO - US,From RDC,N/A - From RDC,Air,Date Not Captured,N/A - From RDC,8-Oct-09,8-Oct-09,8-Oct-09,ARV,Adult,SCMS from RDC,"Efavirenz 600mg, tablets, 30 Tabs",Efavirenz,Generic,600mg,Tablet,30,3740,26441.8,7.07,0.24,"Aurobindo Unit III, India",Yes,322,3054.1,51.83
84020,151-NG-T30,FPQ-5023,SO-36541,DN-1938,Nigeria,PMO - US,From RDC,N/A - From RDC,Air,2/10/10,N/A - From RDC,15-Jul-10,28-Jun-10,28-Jun-10,ARV,Adult,SCMS from RDC,"Lamivudine/Zidovudine 150/300mg, tablets, 60 Tabs",Lamivudine/Zidovudine,Generic,150/300mg,Tablet - FDC,60,23856,208978.56,8.76,0.15,Mylan (formerly Matrix) Nashik,Yes,1918,Freight Included in Commodity Cost,450.56
9937,116-ZA-T01,Pre-PQ Process,SCMS-28830,ASN-2503,South Africa,PMO - US,Direct Drop,DDP,Truck,Pre-PQ Process,Date Not Captured,25-Aug-08,14-Aug-08,14-Aug-08,ARV,Pediatric,S. BUYS WHOLESALER,"Didanosine 2g [Videx], powder for oral solution 10mg/ml, reconstitute to 200 ml",Didanosine,Videx,2g,Powder for oral solution,200,10,125.4,12.54,0.06,"BMS Meymac, France",No,Weight Captured Separately,Freight Included in Commodity Cost,0.2
83560,101-CD-T30,FPQ-8840,SO-41140,DN-2504,"Congo, DRC",PMO - US,From RDC,N/A - From RDC,Air,11/21/11,N/A - From RDC,16-Mar-12,3-Apr-12,3-Apr-12,ARV,Adult,SCMS from RDC,"Lamivudine/Tenofovir Disoproxil Fumarate 300/300mg, tablets, 30 Tabs",Lamivudine/Tenofovir Disoproxil Fumarate,Generic,300/300mg,Tablet - FDC,30,8,48.64,6.08,0.2,Mylan (formerly Matrix) Nashik,No,See DN-2504 (ID#:83559),See DN-2504 (ID#:83559),0.07
19272,101-CD-T30,FPQ-16001,SCMS-280210,ASN-31750,"Congo, DRC",PMO - US,Direct Drop,EXW,Air,3/10/15,3/16/15,2-Jul-15,2-Jul-15,30-Jul-15,HRDT,HIV test,"Trinity Biotech, Plc","HIV 1/2, Uni-Gold HIV Kit, 20 Tests","HIV 1/2, Uni-Gold HIV Kit",Uni-Gold,,Test kit,20,70,2240.0,32.0,1.6,"Trinity Biotech, Plc",Yes,508,3918.37,2.64
11884,104-CI-T01,Pre-PQ Process,SO-2043,DN-684,Côte d'Ivoire,PMO - US,From RDC,N/A - From RDC,Air,Pre-PQ Process,N/A - From RDC,8-Apr-08,8-Apr-08,8-Apr-08,ARV,Pediatric,SCMS from RDC,"Efavirenz 30mg/ml [Stocrin/Sustiva], oral solution, Bottle, 180 ml",Efavirenz,Stocrin/Sustiva,30mg/ml,Oral solution,180,1503,25490.88,16.96,0.09,"MSD, Haarlem, NL",Yes,608,1996.68,40.79
28553,161-ZA-T30,FPQ-7175,SCMS-103880,ASN-11459,South Africa,PMO - US,Direct Drop,DDP,Ocean,3/10/11,3/28/11,3-Nov-11,3-Nov-11,3-Nov-11,ARV,Adult,STRIDES ARCOLAB LIMITED,"Lamivudine 150mg, tablets, 60 Tabs",Lamivudine,Generic,150mg,Tablet,60,158124,384241.32,2.43,0.04,"Strides, Bangalore, India.",Yes,7467,20258.28,634.0
33544,111-MZ-T30,FPQ-11923,SCMS-187130,ASN-21340,Mozambique,PMO - US,Direct Drop,FCA,Air,4/19/13,4/25/13,30-Sep-13,30-Sep-13,30-Sep-13,ARV,Adult,ABBVIE LOGISTICS (FORMERLY ABBOTT LOGISTICS BV),"Ritonavir 100mg [Norvir], film coated tablets, 60 Tabs",Ritonavir,Norvir,100mg,Tablet,60,168,1150.8,6.85,0.11,ABBVIE Ludwigshafen Germany,Yes,23,851.62,1.42
64553,107-RW-T30,FPQ-12791,SCMS-205920,ASN-22849,Rwanda,PMO - US,Direct Drop,EXW,Air,8/9/13,9/19/13,13-Dec-13,13-Dec-13,17-Dec-13,ARV,Adult,Aurobindo Pharma Limited,"Abacavir/Lamivudine 600/300mg, tablets, 30 Tabs",Abacavir/Lamivudine,Generic,600/300mg,Tablet - FDC,30,14000,203000.0,14.5,0.48,"Aurobindo Unit III, India",Yes,1428,9061.84,251.11
84271,151-NG-T30,FPQ-11022,SO-43840,DN-3197,Nigeria,PMO - US,From RDC,N/A - From RDC,Air Charter,11/15/12,N/A - From RDC,31-May-13,28-May-13,28-May-13,ARV,Adult,SCMS from RDC,"Lopinavir/Ritonavir 200/50mg, tablets, 120 Tabs",Lopinavir/Ritonavir,Generic,200/50mg,Tablet,120,7014,152764.92,21.78,0.18,"Aurobindo Unit III, India",Yes,7733,20761,188.97
84150,109-TZ-T30,FPQ-8303,SO-40691,DN-2573,Tanzania,PMO - US,From RDC,N/A - From RDC,Truck,8/22/11,N/A - From RDC,30-Mar-12,12-Mar-12,12-Mar-12,ARV,Pediatric,SCMS from RDC,"Lamivudine/Nevirapine/Zidovudine 30/50/60mg, dispersible tablets, 60 Tabs",Lamivudine/Nevirapine/Zidovudine,Generic,30/50/60mg,Chewable/dispersible tablet - FDC,60,163735,695873.75,4.25,0.07,Mylan (formerly Matrix) Nashik,Yes,9208,3825.8,1148.19
14412,116-ZA-T30,FPQ-13973,SCMS-238555,ASN-29255,South Africa,PMO - US,Direct Drop,DDP,Truck,4/30/14,11/4/14,5-Nov-14,5-Nov-14,5-Nov-14,ARV,Adult,PHARMACY DIRECT,"Raltegravir 400mg [Isentress], tablets, 60 Tabs",Raltegravir,Isentress,400mg,Tablet,60,24,2031.3,84.64,1.41,"MSD, Haarlem, NL",Yes,Weight Captured Separately,Freight Included in Commodity Cost,2.09
70978,114-UG-T30,FPQ-12289,SCMS-192020,ASN-20948,Uganda,PMO - US,Direct Drop,EXW,Air,5/14/13,6/7/13,19-Aug-13,19-Aug-13,19-Aug-13,ARV,Pediatric,MICRO LABS LIMITED,"Efavirenz 50mg, capsule, 30 Caps",Efavirenz,Generic,50mg,Capsule,30,252,509.04,2.02,0.07,"Micro labs, Verna, Goa, India",Yes,9,1678.53,0.63
20417,116-ZA-T30,FPQ-14942,SCMS-259079,ASN-33851,South Africa,PMO - US,Direct Drop,DDP,Truck,9/11/14,10/9/14,24-Aug-15,24-Aug-15,24-Aug-15,ARV,Adult,PHARMACY DIRECT,"Efavirenz 600mg, tablets, 30 Tabs",Efavirenz,Generic,600mg,Tablet,30,42,507.93,12.09,0.4,"Aurobindo Unit III, India",Yes,Weight Captured Separately,Freight Included in Commodity Cost,0.52
81077,108-VN-T30,FPQ-15087,SCMS-261440,ASN-30320,Vietnam,PMO - US,Direct Drop,EXW,Air,10/24/14,10/30/14,10-Mar-15,10-Mar-15,10-Mar-15,ARV,Adult,HETERO LABS LIMITED,"Nevirapine 200mg, tablets, 60 Tabs",Nevirapine,Generic,200mg,Tablet,60,4300,9288.0,2.16,0.04,Hetero Unit III Hyderabad IN,No,See ASN-30320 (ID#:53759),See ASN-30320 (ID#:53759),10.93
83949,154-NG-T30,FPQ-3815,SO-32270,DN-1311,Nigeria,PMO - US,From RDC,N/A - From RDC,Air Charter,5/26/09,N/A - From RDC,30-Jul-09,4-Aug-09,4-Aug-09,ARV,Pediatric,SCMS from RDC,"Lamivudine 10mg/ml, oral solution, Bottle, 240 ml",Lamivudine,Generic,10mg/ml,Oral solution,240,75,142.5,1.9,0.01,"Aurobindo Unit III, India",No,See DN-1311 (ID#:82837),See DN-1311 (ID#:82837),0.28
70582,101-CD-T30,FPQ-16001,SCMS-280220,ASN-32231,"Congo, DRC",PMO - US,Direct Drop,EXW,Air,3/10/15,3/17/15,23-Jul-15,23-Jul-15,29-Jul-15,HRDT,HIV test,"Orgenics, Ltd","HIV 1/2, Determine Complete HIV Kit, 100 Tests","HIV 1/2, Determine Complete HIV Kit",Determine,,Test kit,100,56,4480.0,80.0,0.8,"Alere Medical Co., Ltd.",No,See ASN-32231 (ID#:13648),See ASN-32231 (ID#:13648),5.27
10612,104-CI-T01,Pre-PQ Process,SO-843,DN-330,Côte d'Ivoire,PMO - US,From RDC,N/A - From RDC,,Pre-PQ Process,N/A - From RDC,4-Sep-07,4-Sep-07,4-Sep-07,ARV,Adult,SCMS from RDC,"Efavirenz 600mg, tablets, 30 Tabs",Efavirenz,Generic,600mg,Tablet,30,24265,394548.9,16.26,0.54,"Strides, Bangalore, India.",Yes,2518,6667,631.28
9579,102-NG-T01,Pre-PQ Process,SCMS-16880,ASN-1592,Nigeria,PMO - US,Direct Drop,EXW,Air,Pre-PQ Process,1/7/08,21-Apr-08,21-Apr-08,21-Apr-08,HRDT,HIV test,"CHEMBIO DIAGNOSTIC SYSTEMS, INC.","HIV 1/2, Stat-Pak HIV, Kit, 20 Tests","HIV 1/2, Stat-Pak HIV, Kit",Stat-Pak,,Test kit,20,7719,208413.0,27.0,1.35,Chembio Diagnostics Sys. Inc.,Yes,2502,15636.7,333.46
21666,108-VN-T30,FPQ-16194,SCMS-285450,ASN-33290,Vietnam,PMO - US,Direct Drop,EXW,Air,4/14/15,5/11/15,7-Sep-15,7-Sep-15,7-Sep-15,ARV,Adult,Aurobindo Pharma Limited,"Efavirenz 600mg, tablets, 30 Tabs",Efavirenz,Generic,600mg,Tablet,30,5000,16500.0,3.3,0.11,"Aurobindo Unit III, India",Yes,Weight Captured Separately,Invoiced Separately,19.42
84719,107-RW-T30,FPQ-9190,SO-41430,DN-2625,Rwanda,PMO - US,From RDC,N/A - From RDC,Air,1/27/12,N/A - From RDC,29-Jun-12,17-Apr-12,17-Apr-12,ARV,Pediatric,SCMS from RDC,"Efavirenz 200mg, capsule, 90 Caps",Efavirenz,Generic,200mg,Capsule,90,487,4207.68,8.64,0.1,"Aurobindo Unit III, India",Yes,66,585.42,5.9
80924,116-ZA-T30,FPQ-12522,SCMS-199289,ASN-28034,South Africa,PMO - US,Direct Drop,DDP,Truck,7/11/13,8/29/14,29-Aug-14,29-Aug-14,29-Aug-14,ARV,Adult,S. BUYS WHOLESALER,"Lamivudine/Nevirapine/Stavudine 150/200/30mg, tablets, 60 Tabs",Lamivudine/Nevirapine/Stavudine,Generic,150/200/30mg,Tablet - FDC,60,13,393.18,30.24,0.5,"Cipla, Goa, India",No,Weight Captured Separately,Freight Included in Commodity Cost,0.49
83128,102-ZW-T30,FPQ-10674,SO-43230,DN-3092,Zimbabwe,PMO - US,From RDC,N/A - From RDC,Truck,9/18/12,N/A - From RDC,30-Mar-13,8-Apr-13,8-Apr-13,ARV,Adult,SCMS from RDC,"Lamivudine/Nevirapine/Zidovudine 150/200/300mg, tablets, 60 Tabs",Lamivudine/Nevirapine/Zidovudine,Generic,150/300/200mg,Tablet - FDC,60,21300,182754.0,8.58,0.14,Mylan (formerly Matrix) Nashik,Yes,13288,14451.69,256.22
82285,111-MZ-T30,FPQ-4473,SO-26422,DN-1608,Mozambique,PMO - US,From RDC,N/A - From RDC,Truck,2/26/09,N/A - From RDC,31-Mar-10,24-Mar-10,24-Mar-10,ARV,Adult,SCMS from RDC,"Tenofovir Disoproxil Fumarate 300mg, tablets, 30 Tabs",Tenofovir Disoproxil Fumarate,Generic,300mg,Tablet,30,3040,25931.2,8.53,0.28,Mylan (formerly Matrix) Nashik,Yes,163,1236.13,50.83
84045,113-ZW-T30,FPQ-4694,SO-35380,DN-2019,Zimbabwe,PMO - US,From RDC,N/A - From RDC,Truck,12/8/09,N/A - From RDC,30-Sep-10,4-Oct-10,4-Oct-10,ARV,Adult,SCMS from RDC,"Lamivudine/Nevirapine/Stavudine 150/200/30mg, tablets, 60 Tabs",Lamivudine/Nevirapine/Stavudine,Generic,150/200/30mg,Tablet - FDC,60,112100,642333.0,5.73,0.1,"Cipla, Goa, India",No,See DN-2019 (ID#:82919),See DN-2019 (ID#:82919),1384.87
84107,106-HT-T30,FPQ-6801,SO-38214,DN-2331,Haiti,PMO - US,From RDC,N/A - From RDC,Air,12/14/10,N/A - From RDC,31-Aug-11,24-Aug-11,24-Aug-11,ARV,Adult,SCMS from RDC,"Efavirenz 600mg, tablets, 30 Tabs",Efavirenz,Generic,600mg,Tablet,30,27975,126447.0,4.52,0.15,"Strides, Bangalore, India.",Yes,1704,16881.16,208.64
12172,114-UG-T01,Pre-PQ Process,SO-2342,DN-715,Uganda,PMO - US,From RDC,N/A - From RDC,Air,Pre-PQ Process,N/A - From RDC,2-Jun-08,2-Jun-08,2-Jun-08,ARV,Adult,SCMS from RDC,"Efavirenz 600mg, tablets, 30 Tabs",Efavirenz,Generic,600mg,Tablet,30,860,10328.6,12.01,0.4,"Aurobindo Unit III, India",Yes,76,675,16.53
21096,900-SS-T30,FPQ-8611,SCMS-127510,ASN-13212,South Sudan,PMO - US,Direct Drop,EXW,Air,11/4/11,11/16/11,8-Feb-12,8-Feb-12,8-Feb-12,HRDT,HIV test,"Orgenics, Ltd","HIV 1/2, Determine Complete HIV Kit, 100 Tests","HIV 1/2, Determine Complete HIV Kit",Determine,,Test kit,100,470,41830.0,89.0,0.89,"Alere Medical Co., Ltd.",Yes,244,7428.38,58.65
83285,110-ZM-T30,FPQ-14162,SO-48691,DN-3979,Zambia,PMO - US,From RDC,N/A - From RDC,Truck,4/24/14,N/A - From RDC,31-Dec-14,19-Nov-14,24-Nov-14,ARV,Adult,SCMS from RDC,"Zidovudine 300mg, tablets, 60 Tabs",Zidovudine,Generic,300mg,Tablet,60,13709,74439.87,5.43,0.09,"Aurobindo Unit III, India",Yes,797,3340.5,76.52
9566,116-ZA-T01,Pre-PQ Process,SCMS-16600,ASN-1520,South Africa,PMO - US,Direct Drop,DDP,,Pre-PQ Process,1/4/08,21-Jan-08,4-Jan-08,4-Jan-08,ARV,Pediatric,"JSI R&T INSTITUTE, INC.","Efavirenz 200mg [Stocrin/Sustiva], capsule, 90 Caps",Efavirenz,Stocrin/Sustiva,200mg,Capsule,90,100,3297.0,32.97,0.37,"MSD Midrand, J'burg, SA",No,Weight Captured Separately,Freight Included in Commodity Cost,5.28
83331,110-ZM-T30,FPQ-14784,SO-49570,DN-4251,Zambia,PMO - US,From RDC,N/A - From RDC,Truck,8/12/14,N/A - From RDC,15-Jun-15,15-May-15,15-May-15,ARV,Adult,SCMS from RDC,"Lamivudine 150mg, tablets, 60 Tabs",Lamivudine,Generic,150mg,Tablet,60,55990,97422.6,1.74,0.03,"Strides, Bangalore, India.",No,See DN-4251 (ID#:82800),See DN-4251 (ID#:82800),100.15
85776,111-MZ-T30,FPQ-7053,SO-38631,DN-2281,Mozambique,PMO - US,From RDC,N/A - From RDC,Truck,1/24/11,N/A - From RDC,17-Nov-11,17-Nov-11,17-Nov-11,ARV,Adult,SCMS from RDC,"Lamivudine/Nevirapine/Stavudine 150/200/30mg, tablets, 60 Tabs",Lamivudine/Nevirapine/Stavudine,Generic,150/200/30mg,Tablet - FDC,60,81270,451861.2,5.56,0.09,"Cipla, Goa, India",Yes,8491,10605.03,745.57
62555,104-CI-T30,FPQ-8804,SCMS-133730,ASN-14016,Côte d'Ivoire,PMO - US,Direct Drop,EXW,Ocean,11/28/11,1/13/12,5-Jul-12,5-Jul-12,5-Jul-12,ARV,Adult,Aurobindo Pharma Limited,"Lopinavir/Ritonavir 200/50mg, tablets, 120 Tabs",Lopinavir/Ritonavir,Generic,200/50mg,Tablet,120,22600,678000.0,30.0,0.25,"Aurobindo Unit III, India",Yes,5734,24624,950.56
83951,154-NG-T30,FPQ-3815,SO-32260,DN-1452,Nigeria,PMO - US,From RDC,N/A - From RDC,Air Charter,5/26/09,N/A - From RDC,30-Oct-09,20-Oct-09,20-Oct-09,ARV,Adult,SCMS from RDC,"Lamivudine/Nevirapine/Stavudine 150/200/30mg, tablets, 60 Tabs",Lamivudine/Nevirapine/Stavudine,Generic,150/200/30mg,Tablet - FDC,60,63,441.0,7.0,0.12,"Strides, Bangalore, India.",No,See DN-1452 (ID#:82272),See DN-1452 (ID#:82272),0.86
42752,106-HT-T30,FPQ-13797,SCMS-233910,ASN-26209,Haiti,PMO - US,Direct Drop,EXW,Ocean,3/20/14,4/30/14,19-Jul-14,19-Jul-14,31-Jul-14,ARV,Adult,CIPLA LIMITED,"Efavirenz/Lamivudine/Tenofovir Disoproxil Fumarate 600/300/300mg, tablets, 30 Tabs",Efavirenz/Lamivudine/Tenofovir Disoproxil Fumarate,Generic,600/300/300mg,Tablet - FDC,30,60000,630000.0,10.5,0.35,Cipla Ltd A-42 MIDC Mahar. IN,Yes,8113,8217.8,647.64
42506,900-UG-T30,FPQ-10089,SCMS-149412,ASN-15775,Uganda,PMO - US,Direct Drop,EXW,Air,6/7/12,6/12/12,3-Aug-12,3-Aug-12,3-Aug-12,ARV,Adult,HETERO LABS LIMITED,"Lamivudine/Tenofovir Disoproxil Fumarate 300/300mg, tablets, 30 Tabs",Lamivudine/Tenofovir Disoproxil Fumarate,Generic,300/300mg,Tablet - FDC,30,66960,320738.4,4.79,0.16,Hetero Unit III Hyderabad IN,Yes,7549,26095.99,449.68
73596,133-NG-T30,FPQ-14305,SCMS-240830,ASN-27473,Nigeria,PMO - US,Direct Drop,EXW,Air,5/16/14,6/2/14,19-Aug-14,4-Sep-14,17-Sep-14,HRDT,HIV test,"Orgenics, Ltd","HIV 1/2, Determine Complete HIV Kit, 100 Tests","HIV 1/2, Determine Complete HIV Kit",Determine,,Test kit,100,2769,246441.0,89.0,0.89,"Alere Medical Co., Ltd.",Yes,2355,16816.33,253.34
26849,161-ZA-T30,FPQ-5648,SCMS-75660,ASN-8694,South Africa,PMO - US,Direct Drop,DDP,Ocean,6/2/10,6/17/10,12-Oct-10,15-Dec-10,15-Dec-10,ARV,Adult,Aurobindo Pharma Limited,"Efavirenz 600mg, tablets, 30 Tabs",Efavirenz,Generic,600mg,Tablet,30,108211,488031.61,4.51,0.15,"Aurobindo Unit III, India",Yes,Weight Captured Separately,Freight Included in Commodity Cost,1052.2
85134,114-UG-T30,FPQ-5238,SO-36070,DN-1949,Uganda,PMO - US,From RDC,N/A - From RDC,Air,3/2/10,N/A - From RDC,4-Aug-10,2-Aug-10,2-Aug-10,ARV,Adult,SCMS from RDC,"Nevirapine 200mg, tablets, 60 Tabs",Nevirapine,Generic,200mg,Tablet,60,3000,8190.0,2.73,0.05,"Cipla, Goa, India",No,See DN-1949 (ID#:83444),See DN-1949 (ID#:83444),17.66
83850,103-ZW-T30,FPQ-13967,SO-49890,DN-3972,Zimbabwe,PMO - US,From RDC,N/A - From RDC,Truck,4/2/14,N/A - From RDC,14-Nov-14,30-Oct-14,7-Nov-14,ARV,Pediatric,SCMS from RDC,"Lamivudine/Nevirapine/Zidovudine 30/50/60mg, dispersible tablets, 60 Tabs",Lamivudine/Nevirapine/Zidovudine,Generic,30/50/60mg,Chewable/dispersible tablet - FDC,60,37963,136666.8,3.6,0.06,"Cipla, Goa, India",No,See DN-3972 (ID#:82740),See DN-3972 (ID#:82740),140.49
28160,116-ZA-T30,FPQ-14942,SCMS-259083,ASN-33330,South Africa,PMO - US,Direct Drop,DDP,Truck,9/11/14,7/14/15,14-Jul-15,14-Jul-15,14-Jul-15,ARV,Pediatric,PHARMACY DIRECT,"Lopinavir/Ritonavir 80/20mg/ml [Kaletra], oral solution, cool, Bottle 5 x 60 ml",Lopinavir/Ritonavir,Kaletra,80/20mg/ml,Oral solution,300,4,68.56,17.14,0.06,ABBVIE (Abbott) Logis. UK,Yes,Weight Captured Separately,Freight Included in Commodity Cost,0.07
58494,114-UG-T30,FPQ-10787,SCMS-163460,ASN-17750,Uganda,PMO - US,Direct Drop,EXW,Air,10/10/12,10/25/12,21-Jan-13,21-Jan-13,21-Jan-13,ARV,Adult,MYLAN LABORATORIES LTD (FORMERLY MATRIX LABORATORIES),"Atazanavir/Ritonavir 300/100mg, tablets, 30 Tabs",Atazanavir/Ritonavir,Generic,300/100mg,Tablet,30,1455,32737.5,22.5,0.75,Mylan (formerly Matrix) Nashik,No,See ASN-17750 (ID#:36539),See ASN-17750 (ID#:36539),40.5
32559,106-HT-T30,FPQ-11304,SCMS-176450,ASN-19219,Haiti,PMO - US,Direct Drop,DAP,Truck,1/22/13,2/12/13,15-Mar-13,15-Mar-13,15-Mar-13,HRDT,HIV test,REINBOLD EXPORT IMPORT,"HIV 1/2, Determine Complete HIV Kit, 100 Tests","HIV 1/2, Determine Complete HIV Kit",Determine,,Test kit,100,25,3125.0,125.0,1.25,"Alere Medical Co., Ltd.",Yes,Weight Captured Separately,Freight Included in Commodity Cost,3.87
11900,102-KE-T01,Pre-PQ Process,SO-1599,DN-706,Kenya,PMO - US,From RDC,N/A - From RDC,Truck,Pre-PQ Process,N/A - From RDC,8-Apr-08,8-Apr-08,8-Apr-08,HRDT,HIV test,SCMS from RDC,"HIV 1/2, Bioline 3.0 Kit, Lancets, Capillary pipets, Alcohol swabs included, 25 Tests","HIV 1/2, Bioline 3.0 Kit, Lancets, Capillary pipets, Alcohol swabs included",Bioline,,Test kit,25,2688,53760.0,20.0,0.8,"Standard Diagnostics, Korea",Yes,965,838.83,86.02
41288,116-ZA-T30,FPQ-7176,SCMS-104430,ASN-11056,South Africa,PMO - US,Direct Drop,DDP,Ocean,3/10/11,4/1/11,2-Sep-11,2-Sep-11,2-Sep-11,ARV,Adult,STRIDES ARCOLAB LIMITED,"Lamivudine 150mg, tablets, 60 Tabs",Lamivudine,Generic,150mg,Tablet,60,75000,182250.0,2.43,0.04,"Strides, Bangalore, India.",Yes,3347,7414.66,300.71
5083,116-ZA-T01,Pre-PQ Process,SCMS-47380,ASN-4285,South Africa,PMO - US,Direct Drop,DDP,Truck,Pre-PQ Process,4/2/09,15-May-09,21-Apr-09,21-Apr-09,ARV,Adult,S. BUYS WHOLESALER,"Lopinavir/Ritonavir 200/50mg [Aluvia], tablets, 120 Tabs",Lopinavir/Ritonavir,Aluvia,200/50mg,Tablet,120,400,14400.0,36.0,0.3,ABBVIE Ludwigshafen Germany,Yes,Weight Captured Separately,Freight Included in Commodity Cost,28.22
47516,116-ZA-T30,FPQ-11828,SCMS-183950,ASN-19166,South Africa,South Africa Field Office,Direct Drop,DDP,Truck,3/18/13,Date Not Captured,16-Apr-13,16-Apr-13,16-Apr-13,ARV,Adult,S. BUYS WHOLESALER,"Tenofovir Disoproxil Fumarate 300mg, tablets, 30 Tabs",Tenofovir Disoproxil Fumarate,Generic,300mg,Tablet,30,7242,148900.86,20.56,0.69,"Aurobindo Unit III, India",No,Weight Captured Separately,Freight Included in Commodity Cost,184.19
68481,104-CI-T30,FPQ-11294,SCMS-173131,ASN-19634,Côte d'Ivoire,PMO - US,Direct Drop,EXW,Air,12/14/12,1/15/13,4-Jun-13,4-Jun-13,4-Jun-13,HRDT,HIV test,"Orgenics, Ltd","HIV 1/2, Determine Complete HIV Kit, 100 Tests","HIV 1/2, Determine Complete HIV Kit",Determine,,Test kit,100,601,48080.0,80.0,0.8,"Alere Medical Co., Ltd.",Yes,264,36428.24,59.47
55904,109-TZ-T30,FPQ-10619,SCMS-161830,ASN-17467,Tanzania,PMO - US,Direct Drop,EXW,Air,9/13/12,10/4/12,31-Dec-12,31-Dec-12,31-Dec-12,HRDT,HIV test,"Orgenics, Ltd","HIV 1/2, Determine Complete HIV Kit, 100 Tests","HIV 1/2, Determine Complete HIV Kit",Determine,,Test kit,100,2352,188160.0,80.0,0.8,"Alere Medical Co., Ltd.",Yes,1016,19026.72,263.8
42215,105-SS-T30,FPQ-15569,SCMS-272170,ASN-32107,South Sudan,PMO - US,Direct Drop,EXW,Air,12/29/14,2/20/15,2-Jul-15,7-Jul-15,7-Jul-15,HRDT,HIV test - Ancillary,"Orgenics, Ltd","Chase Buffer, Determine, 100 Tests, 2.5ml x 1 Vial","Chase Buffer, Determine, 100 Tests, 2.5ml x 1 Vial",Determine,,Test kit - Ancillary,1,50,250.0,5.0,5.0,"Alere Medical Co., Ltd.",No,See ASN-32107 (ID#:16391),See ASN-32107 (ID#:16391),0.29
83954,123-NG-T30,FPQ-4395,SO-32971,DN-1493,Nigeria,PMO - US,From RDC,N/A - From RDC,Air Charter,7/27/09,N/A - From RDC,18-Dec-09,20-Nov-09,20-Nov-09,ARV,Adult,SCMS from RDC,"Zidovudine 300mg, tablets, 60 Tabs",Zidovudine,Generic,300mg,Tablet,60,8383,63123.99,7.53,0.13,"Aurobindo Unit III, India",No,See DN-1493 (ID#:83374),See DN-1493 (ID#:83374),123.72
17831,102-SD-T30,FPQ-7321,SCMS-107790,ASN-11120,Sudan,PMO - US,Direct Drop,EXW,Air,3/29/11,5/2/11,1-Jul-11,1-Jul-11,1-Jul-11,HRDT,HIV test,"Orgenics, Ltd","HIV 1/2, Determine Complete HIV Kit, 100 Tests","HIV 1/2, Determine Complete HIV Kit",Determine,,Test kit,100,378,33642.0,89.0,0.89,Inverness Japan,Yes,180,4529.86,55.51
85723,110-ZM-T30,FPQ-6221,SO-37320,DN-2054,Zambia,PMO - US,From RDC,N/A - From RDC,Truck,8/20/10,N/A - From RDC,31-Dec-10,25-Nov-10,25-Nov-10,ARV,Adult,SCMS from RDC,"Lamivudine/Zidovudine 150/300mg, tablets, 60 Tabs",Lamivudine/Zidovudine,Generic,150/300mg,Tablet - FDC,60,75000,641250.0,8.55,0.14,"Aurobindo Unit III, India",No,See DN-2054 (ID#:83465),See DN-2054 (ID#:83465),1382.54
11787,100-ZW-T01,Pre-PQ Process,SO-705,DN-355,Zimbabwe,PMO - US,From RDC,N/A - From RDC,Truck,Pre-PQ Process,N/A - From RDC,20-Sep-07,20-Sep-07,20-Sep-07,ARV,Adult,SCMS from RDC,"Efavirenz 600mg, tablets, 30 Tabs",Efavirenz,Generic,600mg,Tablet,30,1860,23101.2,12.42,0.41,"Cipla, Goa, India",Yes,3951,13788.25,36.96
84844,111-MZ-T30,FPQ-11884,SO-44863,DN-3289,Mozambique,PMO - US,From RDC,N/A - From RDC,Truck,3/19/13,N/A - From RDC,13-Nov-13,13-Nov-13,2-Dec-13,ARV,Adult,SCMS from RDC,"Zidovudine 300mg, tablets, 60 Tabs",Zidovudine,Generic,300mg,Tablet,60,43680,285667.2,6.54,0.11,"Aurobindo Unit III, India",Yes,6535,5950.16,353.37
23524,104-CI-T30,FPQ-7654,SCMS-113780,ASN-13752,Côte d'Ivoire,PMO - US,Direct Drop,CIP,Air,5/3/11,7/8/11,20-Feb-12,20-Feb-12,20-Feb-12,ARV,Pediatric,MERCK SHARP & DOHME IDEA GMBH (FORMALLY MERCK SHARP & DOHME B.V.),"Efavirenz 30mg/ml [Stocrin/Sustiva], oral solution, Bottle, 180 ml",Efavirenz,Stocrin/Sustiva,30mg/ml,Oral solution,180,1184,20080.64,16.96,0.09,"MSD, Haarlem, NL",Yes,361,783.22,33.13
51268,133-NG-T30,FPQ-10765,SCMS-162440,ASN-17646,Nigeria,PMO - US,Direct Drop,EXW,Air,10/5/12,10/16/12,9-Jan-13,17-Jan-13,17-Jan-13,HRDT,HIV test,"Orgenics, Ltd","HIV 1/2, Determine Complete HIV Kit, 100 Tests","HIV 1/2, Determine Complete HIV Kit",Determine,,Test kit,100,2744,244216.0,89.0,0.89,"Alere Medical Co., Ltd.",Yes,1235,25577.15,342.39
86277,151-NG-T30,FPQ-4537,SO-35031,DN-1683,Nigeria,PMO - US,From RDC,N/A - From RDC,Air Charter,11/6/09,N/A - From RDC,19-Apr-10,31-Mar-10,31-Mar-10,ARV,Adult,SCMS from RDC,"Lamivudine 150mg, tablets, 60 Tabs",Lamivudine,Generic,150mg,Tablet,60,64,156.16,2.44,0.04,"Aurobindo Unit III, India",Yes,4,124350.82,0.34
85293,105-GY-T30,FPQ-10252,SO-42790,DN-2810,Guyana,PMO - US,From RDC,N/A - From RDC,Air,7/5/12,N/A - From RDC,30-Sep-12,29-Aug-12,29-Aug-12,ARV,Adult,SCMS from RDC,"Stavudine 15mg, capsules, 60 Caps",Stavudine,Generic,15mg,Capsule,60,25,33.0,1.32,0.02,"Aurobindo Unit III, India",Yes,5,931.34,0.05
14988,102-SS-T30,FPQ-9038,SCMS-137200,ASN-14984,South Sudan,PMO - US,Direct Drop,EXW,Air,1/17/12,4/5/12,15-Jun-12,15-Jun-12,15-Jun-12,HRDT,HIV test,"Orgenics, Ltd","HIV 1/2, Determine Complete HIV Kit, 100 Tests","HIV 1/2, Determine Complete HIV Kit",Determine,,Test kit,100,337,29993.0,89.0,0.89,"Alere Medical Co., Ltd.",Yes,181,4978.09,42.05
26345,900-SS-T30,FPQ-11623,SCMS-178030,ASN-19143,South Sudan,PMO - US,Direct Drop,EXW,Air,2/8/13,2/27/13,16-Aug-13,16-Aug-13,16-Aug-13,HRDT,HIV test - Ancillary,"Orgenics, Ltd","Capillary Tubes, for Determine, EDTA, 50uL,100 Pcs","HIV, Capillary Tubes, for Determine, EDTA, 50uL,100 Pcs",Determine,,Test kit - Ancillary,100,214,1712.0,8.0,0.08,"Alere Medical Co., Ltd.",Yes,97,2590.24,2.12
36411,116-ZA-T30,FPQ-14942,SCMS-259075,ASN-32138,South Africa,PMO - US,Direct Drop,DDP,Truck,9/11/14,5/11/15,12-May-15,12-May-15,12-May-15,ARV,Adult,PHARMACY DIRECT,"Abacavir 300mg, tablets, 60 Tabs",Abacavir,Generic,300mg,Tablet,60,3,149.56,49.85,0.83,"Aurobindo Unit III, India",No,Weight Captured Separately,Freight Included in Commodity Cost,0.15
86296,111-MZ-T30,FPQ-4711,SO-35750,DN-1795,Mozambique,PMO - US,From RDC,N/A - From RDC,Truck,12/23/09,N/A - From RDC,21-Jun-10,14-Jun-10,14-Jun-10,ARV,Adult,SCMS from RDC,"Lamivudine/Stavudine 150/30mg, tablets, 60 Tabs",Lamivudine/Stavudine,Generic,150/30mg,Tablet - FDC,60,8670,29478.0,3.4,0.06,"Cipla, Goa, India",No,See DN-1795 (ID#:82315),See DN-1795 (ID#:82315),63.55
62942,111-MZ-T30,FPQ-4108,SCMS-52440,ASN-5310,Mozambique,PMO - US,Direct Drop,FCA,Air,8/20/09,9/3/09,11-Nov-09,11-Nov-09,11-Nov-09,ARV,Adult,Hoffmann-La Roche ltd Basel,"Saquinavir 200mg [Invirase], capsules, 270 Caps",Saquinavir,Invirase,200mg,Capsule,270,392,37017.53,94.43,0.35,Roche Basel,Yes,202,2191.21,72.55
84679,151-NG-T30,FPQ-8364,SO-40726,DN-2403,Nigeria,PMO - US,From RDC,N/A - From RDC,Air Charter,8/29/11,N/A - From RDC,16-Mar-12,13-Oct-11,13-Oct-11,ARV,Adult,SCMS from RDC,"Lamivudine/Tenofovir Disoproxil Fumarate 300/300mg, tablets, 30 Tabs",Lamivudine/Tenofovir Disoproxil Fumarate,Generic,300/300mg,Tablet - FDC,30,18354,151053.42,8.23,0.27,Mylan (formerly Matrix) Nashik,Yes,1794,21326.7,249.24
12637,107-RW-T01,Pre-PQ Process,SO-490,DN-110,Rwanda,PMO - US,From RDC,N/A - From RDC,Air,Pre-PQ Process,N/A - From RDC,19-Apr-07,19-Apr-07,19-Apr-07,ARV,Adult,SCMS from RDC,"Lamivudine/Zidovudine 150/300mg, tablets, 60 Tabs",Lamivudine/Zidovudine,Generic,150/300mg,Tablet - FDC,60,38463,383860.74,9.98,0.17,"Cipla, Goa, India",Yes,3450,20896.5,
9080,116-ZA-T01,Pre-PQ Process,SCMS-47320,ASN-4224,South Africa,PMO - US,Direct Drop,DDP,Truck,Pre-PQ Process,4/2/09,15-May-09,15-May-09,15-May-09,ARV,Adult,S. BUYS WHOLESALER,"Didanosine EC 400mg [Videx EC], delayed-release capsules, Blister 3 x 10 Caps",Didanosine EC,Videx EC,400mg,Delayed-release capsules - blister,30,80,1502.4,18.78,0.63,"BMS Meymac, France",Yes,Weight Captured Separately,Freight Included in Commodity Cost,2.94
9033,116-ZA-T01,Pre-PQ Process,SCMS-41080,ASN-3637,South Africa,PMO - US,Direct Drop,DDP,Air,Pre-PQ Process,Date Not Captured,26-May-09,22-Jan-09,22-Jan-09,ARV,Pediatric,S. BUYS WHOLESALER,"Lamivudine 10mg/ml, oral solution, Bottle, 240 ml",Lamivudine,Generic,10mg/ml,Oral solution,240,1500,5445.0,3.63,0.02,"Aurobindo Unit III, India",No,Weight Captured Separately,Freight Included in Commodity Cost,10.67
40702,105-SS-T30,FPQ-15569,SCMS-272160,ASN-31321,South Sudan,PMO - US,Direct Drop,EXW,Air,12/29/14,2/20/15,3-Jun-15,3-Jun-15,5-Jun-15,HRDT,HIV test - Ancillary,"Orgenics, Ltd","Chase Buffer, Determine, 100 Tests, 2.5ml x 1 Vial","Chase Buffer, Determine, 100 Tests, 2.5ml x 1 Vial",Determine,,Test kit - Ancillary,1,45,225.0,5.0,5.0,"Alere Medical Co., Ltd.",No,See ASN-31321 (ID#:30363),See ASN-31321 (ID#:30363),0.26
11697,117-ET-T01,Pre-PQ Process,SO-34570,DN-1558,Ethiopia,PMO - US,From RDC,N/A - From RDC,Air,Date Not Captured,N/A - From RDC,26-Nov-09,26-Nov-09,26-Nov-09,ARV,Adult,SCMS from RDC,"Nevirapine 200mg, tablets, 60 Tabs",Nevirapine,Generic,200mg,Tablet,60,6661,19316.9,2.9,0.05,"Aurobindo Unit III, India",Yes,778,4702.02,41.65
85248,113-ZW-T30,FPQ-8464,SO-40850,DN-2605,Zimbabwe,PMO - US,From RDC,N/A - From RDC,Truck,10/4/11,N/A - From RDC,13-Apr-12,10-Apr-12,10-Apr-12,ARV,Adult,SCMS from RDC,"Lamivudine/Stavudine 150/30mg, tablets, 60 Tabs",Lamivudine/Stavudine,Generic,150/30mg,Tablet - FDC,60,7150,21092.5,2.95,0.05,"Strides, Bangalore, India.",No,See DN-2605 (ID#:82467),See DN-2605 (ID#:82467),34.8
56487,110-ZM-T30,FPQ-6263,SCMS-87290,ASN-9001,Zambia,PMO - US,Direct Drop,EXW,Air,9/8/10,10/7/10,17-Dec-10,21-Dec-10,21-Dec-10,HRDT,HIV test,"Orgenics, Ltd","HIV 1/2, Determine Complete HIV Kit, 100 Tests","HIV 1/2, Determine Complete HIV Kit",Determine,,Test kit,100,2814,225120.0,80.0,0.8,Inverness Japan,Yes,1363,22746.62,485.36
86615,101-CD-T30,FPQ-12033,SO-45021,DN-3373,"Congo, DRC",PMO - US,From RDC,N/A - From RDC,Air,4/8/13,N/A - From RDC,31-Oct-13,27-Jan-14,4-Mar-14,ARV,Adult,SCMS from RDC,"Lamivudine/Tenofovir Disoproxil Fumarate 300/300mg, tablets, 30 Tabs",Lamivudine/Tenofovir Disoproxil Fumarate,Generic,300/300mg,Tablet - FDC,30,510,2397.0,4.7,0.16,"Aurobindo Unit VII, IN",No,See DN-3373 (ID#:82613),See DN-3373 (ID#:82613),2.97
84877,102-BI-T30,FPQ-12602,SO-46020,DN-3381,Burundi,PMO - US,From RDC,N/A - From RDC,Air,7/9/13,N/A - From RDC,15-Nov-13,22-Nov-13,21-Jan-14,ARV,Adult,SCMS from RDC,"Lopinavir/Ritonavir 200/50mg, tablets, 120 Tabs",Lopinavir/Ritonavir,Generic,200/50mg,Tablet,120,27,567.0,21.0,0.18,"Aurobindo Unit III, India",No,See DN-3381 (ID#:84319),See DN-3381 (ID#:84319),0.7
83848,109-TZ-T30,FPQ-13566,SO-47661,DN-3968,Tanzania,PMO - US,From RDC,N/A - From RDC,Air,1/15/14,N/A - From RDC,30-Jan-15,17-Dec-14,18-Dec-14,ARV,Pediatric,SCMS from RDC,"Lamivudine/Nevirapine/Zidovudine 30/50/60mg, dispersible tablets, 60 Tabs",Lamivudine/Nevirapine/Zidovudine,Generic,30/50/60mg,Chewable/dispersible tablet - FDC,60,31153,116823.75,3.75,0.06,Mylan (formerly Matrix) Nashik,Yes,1739,10506.44,120.09
86273,106-HT-T30,FPQ-4469,SO-35530,DN-1666,Haiti,PMO - US,From RDC,N/A - From RDC,Air,9/23/09,N/A - From RDC,12-Mar-10,3-Mar-10,3-Mar-10,ARV,Adult,SCMS from RDC,"Lamivudine/Zidovudine 150/300mg, tablets, 60 Tabs",Lamivudine/Zidovudine,Generic,150/300mg,Tablet - FDC,60,19056,166930.56,8.76,0.15,Mylan (formerly Matrix) Nashik,Yes,1517,6036.96,359.9
83407,151-NG-T30,FPQ-4537,SO-35075,DN-1690,Nigeria,PMO - US,From RDC,N/A - From RDC,Air Charter,11/6/09,N/A - From RDC,19-Apr-10,31-Mar-10,31-Mar-10,ARV,Adult,SCMS from RDC,"Emtricitabine/Tenofovir Disoproxil Fumarate 200/300mg, tablets, 30 Tabs",Emtricitabine/Tenofovir Disoproxil Fumarate,Generic,200/300mg,Tablet - FDC,30,11807,138732.25,11.75,0.39,Mylan (formerly Matrix) Nashik,Yes,952,Freight Included in Commodity Cost,299.11
83914,103-SS-T30,FPQ-16212,SO-51450,DN-4287,South Sudan,PMO - US,From RDC,N/A - From RDC,Air,4/15/15,N/A - From RDC,28-Jul-15,19-Jun-15,23-Jun-15,ARV,Adult,SCMS from RDC,"Efavirenz/Lamivudine/Tenofovir Disoproxil Fumarate 600/300/300mg, tablets, 30 Tabs",Efavirenz/Lamivudine/Tenofovir Disoproxil Fumarate,Generic,600/300/300mg,Tablet - FDC,30,56400,541440.0,9.6,0.32,Mylan (formerly Matrix) Nashik,Yes,Weight Captured Separately,Invoiced Separately,637.27
72239,105-SS-T30,FPQ-15569,SCMS-272170,ASN-32108,South Sudan,PMO - US,Direct Drop,EXW,Air,12/29/14,2/20/15,2-Jul-15,7-Jul-15,7-Jul-15,HRDT,HIV test - Ancillary,"Orgenics, Ltd","Capillary Tubes, for Determine, EDTA, 50uL,100 Pcs","HIV, Capillary Tubes, for Determine, EDTA, 50uL,100 Pcs",Determine,,Test kit - Ancillary,100,15,120.0,8.0,0.08,"Alere Medical Co., Ltd.",No,See ASN-32108 (ID#:53922),See ASN-32108 (ID#:53922),0.14
85107,151-NG-T30,FPQ-4537,SO-36008,DN-1794,Nigeria,PMO - US,From RDC,N/A - From RDC,Air Charter,11/6/09,N/A - From RDC,31-May-10,18-May-10,18-May-10,ARV,Adult,SCMS from RDC,"Lamivudine/Nevirapine/Zidovudine 150/200/300mg, tablets, 60 Tabs",Lamivudine/Nevirapine/Zidovudine,Generic,150/300/200mg,Tablet - FDC,60,45000,504900.0,11.22,0.19,"Aurobindo Unit III, India",No,See DN-1794 (ID#:83421),See DN-1794 (ID#:83421),1088.56
54251,105-GY-T30,FPQ-10268,SCMS-154470,ASN-16561,Guyana,PMO - US,Direct Drop,EXW,Air,7/16/12,7/27/12,19-Oct-12,19-Oct-12,19-Oct-12,ARV,Adult,Aurobindo Pharma Limited,"Lopinavir/Ritonavir 200/50mg, tablets, 120 Tabs",Lopinavir/Ritonavir,Generic,200/50mg,Tablet,120,954,22896.0,24.0,0.2,"Aurobindo Unit III, India",Yes,243,2492.47,32.1
12400,110-ZM-T01,Pre-PQ Process,SO-908,DN-319,Zambia,PMO - US,From RDC,N/A - From RDC,Air,Pre-PQ Process,N/A - From RDC,29-Aug-07,29-Aug-07,29-Aug-07,ARV,Adult,SCMS from RDC,"Lamivudine 150mg, tablets, 60 Tabs",Lamivudine,Generic,150mg,Tablet,60,30000,91200.0,3.04,0.05,"Aurobindo Unit III, India",No,See DN-319 (ID#:11765),See DN-319 (ID#:11765),145.92
12460,104-CI-T01,Pre-PQ Process,SO-1104,DN-569,Côte d'Ivoire,PMO - US,From RDC,N/A - From RDC,Air,Pre-PQ Process,N/A - From RDC,29-Jan-08,29-Jan-08,29-Jan-08,ARV,Pediatric,SCMS from RDC,"Lamivudine 10mg/ml, oral solution, Bottle, 240 ml",Lamivudine,Generic,10mg/ml,Oral solution,240,15000,29550.0,1.97,0.01,"Aurobindo Unit III, India",No,See DN-569 (ID#:11224),See DN-569 (ID#:11224),47.28
86566,151-NG-T30,FPQ-11022,SO-43843,DN-3130,Nigeria,PMO - US,From RDC,N/A - From RDC,Air Charter,11/15/12,N/A - From RDC,21-May-13,3-May-13,3-May-13,ARV,Adult,SCMS from RDC,"Lopinavir/Ritonavir 200/50mg, tablets, 120 Tabs",Lopinavir/Ritonavir,Generic,200/50mg,Tablet,120,50000,1089000.0,21.78,0.18,"Aurobindo Unit III, India",No,See DN-3130 (ID#:84252),See DN-3130 (ID#:84252),1347.09
72572,102-BW-T30,FPQ-6652,SCMS-93790,ASN-9739,Botswana,PMO - US,Direct Drop,EXW,Air,11/19/10,12/9/10,14-Mar-11,14-Mar-11,14-Mar-11,HRDT,HIV test,"SHANGHAI KEHUA BIOENGINEERING CO.,LTD.  (KHB)","HIV 1/2, SKB Colloidal Gold, Diagnostic Kit, Antibody, 50 Tests","HIV 1/2, Colloidal Gold, Diagnostic Kit, Antibody",Colloidal Gold,,Test kit,1,20,460.0,23.0,23.0,"KHB Test Kit Facility, Shanghai China",Yes,16,486.18,0.76
45287,161-ZA-T30,FPQ-7175,SCMS-103340,ASN-11431,South Africa,PMO - US,Direct Drop,DDP,Ocean,3/10/11,3/24/11,14-Sep-11,14-Sep-11,14-Sep-11,ARV,Pediatric,Aurobindo Pharma Limited,"Efavirenz 200mg, capsule, 90 Caps",Efavirenz,Generic,200mg,Capsule,90,25000,204250.0,8.17,0.09,"Aurobindo Unit III, India",Yes,3313,5192.74,337.01
11801,109-TZ-T01,Pre-PQ Process,SO-750,DN-390,Tanzania,PMO - US,From RDC,N/A - From RDC,Air,Pre-PQ Process,N/A - From RDC,4-Dec-07,4-Dec-07,4-Dec-07,HRDT,HIV test,SCMS from RDC,"HIV 1/2, Bioline 3.0 Kit, Lancets, Capillary pipets, Alcohol swabs included, 25 Tests","HIV 1/2, Bioline 3.0 Kit, Lancets, Capillary pipets, Alcohol swabs included",Bioline,,Test kit,25,9200,184000.0,20.0,0.8,"Standard Diagnostics, Korea",Yes,3327,13606.4,294.4
62059,104-CI-T30,FPQ-6183,SCMS-83692,ASN-11129,Côte d'Ivoire,PMO - US,Direct Drop,CIP,Air,8/10/10,9/10/10,1-Jul-11,1-Jul-11,1-Jul-11,ARV,Adult,MERCK SHARP & DOHME IDEA GMBH (FORMALLY MERCK SHARP & DOHME B.V.),"Indinavir 400mg [Crixivan], capsules, 180 Caps",Indinavir,Crixivan,400mg,Capsule,180,922,46100.0,50.0,0.28,"MSD, Haarlem, NL",No,See ASN-11129 (ID#:32064),See ASN-11129 (ID#:32064),99.39
85871,111-MZ-T30,FPQ-9506,SO-41780,DN-2717,Mozambique,PMO - US,From RDC,N/A - From RDC,Truck,3/16/12,N/A - From RDC,7-Aug-12,24-Jul-12,24-Jul-12,ARV,Pediatric,SCMS from RDC,"Zidovudine 10mg/ml, oral solution w/syringe, Bottle, 240 ml",Zidovudine,Generic,10mg/ml,Oral solution,240,1600,3360.0,2.1,0.01,"Aurobindo Unit III, India",No,See DN-2717 (ID#:83598),See DN-2717 (ID#:83598),4.71
86188,114-UG-T30,FPQ-15639,SO-50670,DN-4215,Uganda,PMO - US,From RDC,N/A - From RDC,Truck,12/22/14,N/A - From RDC,30-Apr-15,22-Apr-15,24-Apr-15,ARV,Adult,SCMS from RDC,"Lamivudine/Nevirapine/Zidovudine 150/200/300mg, tablets, 60 Tabs",Lamivudine/Nevirapine/Zidovudine,Generic,150/300/200mg,Tablet - FDC,60,44102,340467.44,7.72,0.13,"Hetero, Jadcherla, unit 5, IN",Yes,8221,Freight Included in Commodity Cost,400.73
33969,109-TZ-T30,FPQ-5446,SCMS-71300,ASN-7529,Tanzania,PMO - US,Direct Drop,EXW,Ocean,4/15/10,4/23/10,21-Sep-10,21-Sep-10,21-Sep-10,ARV,Adult,MYLAN LABORATORIES LTD (FORMERLY MATRIX LABORATORIES),"Efavirenz/Emtricitabine/Tenofovir Disoproxil Fumarate 600/200/300mg, tablets, 30 Tabs",Efavirenz/Emtricitabine/Tenofovir Disoproxil Fumarate,Generic,600/200/300mg,Tablet - FDC,30,57727,1148767.3,19.9,0.66,Mylan (formerly Matrix) Nashik,Yes,6349,27797.6,2476.74
84548,114-UG-T30,FPQ-5238,SO-36080,DN-1765,Uganda,PMO - US,From RDC,N/A - From RDC,Air,3/2/10,N/A - From RDC,26-May-10,12-Apr-10,12-Apr-10,ARV,Adult,SCMS from RDC,"Efavirenz 600mg, tablets, 30 Tabs",Efavirenz,Generic,600mg,Tablet,30,5000,25650.0,5.13,0.17,Mylan (formerly Matrix) Nashik,No,See DN-1765 (ID#:82877),See DN-1765 (ID#:82877),55.3
70795,109-TZ-T30,FPQ-10394,SCMS-156520,ASN-16037,Tanzania,PMO - US,Direct Drop,EXW,Air,7/26/12,8/9/12,27-Sep-12,4-Oct-12,4-Oct-12,ARV,Adult,Aurobindo Pharma Limited,"Lamivudine/Zidovudine 150/300mg, tablets, 60 Tabs",Lamivudine/Zidovudine,Generic,150/300mg,Tablet - FDC,60,53051,379314.65,7.15,0.12,"Aurobindo Unit III, India",Yes,4611,21225.33,531.8
27026,161-ZA-T30,FPQ-5303,SCMS-68720,ASN-7537,South Africa,PMO - US,Direct Drop,DDP,Air,3/18/10,3/19/10,19-Jul-10,29-Jul-10,29-Jul-10,ARV,Adult,CIPLA LIMITED,"Tenofovir Disoproxil Fumarate 300mg, tablets, 30 Tabs",Tenofovir Disoproxil Fumarate,Generic,300mg,Tablet,30,2016,15765.12,7.82,0.26,"Cipla, Goa, India",Yes,136,1881.24,33.99
5800,116-ZA-T01,Pre-PQ Process,SCMS-23500,ASN-2293,South Africa,PMO - US,Direct Drop,DDP,Truck,Pre-PQ Process,Date Not Captured,20-Aug-08,8-May-08,8-May-08,ARV,Pediatric,S. BUYS WHOLESALER,"Didanosine 100mg [Videx],chewable tablets, 60 Tabs",Didanosine,Videx,100mg,Chewable/dispersible tablet,60,4,56.16,14.04,0.23,"BMS Meymac, France",No,Weight Captured Separately,Freight Included in Commodity Cost,0.09
86511,900-UG-T30,FPQ-10048,SO-42610,DN-2829,Uganda,PMO - US,From RDC,N/A - From RDC,Air,6/6/12,N/A - From RDC,29-Oct-12,29-Oct-12,29-Oct-12,ARV,Adult,SCMS from RDC,"Lamivudine/Tenofovir Disoproxil Fumarate 300/300mg, tablets, 30 Tabs",Lamivudine/Tenofovir Disoproxil Fumarate,Generic,300/300mg,Tablet - FDC,30,24799,137386.46,5.54,0.18,Mylan (formerly Matrix) Nashik,No,See DN-2829 (ID#:82504),See DN-2829 (ID#:82504),192.62
55679,900-TZ-T30,FPQ-10396,SCMS-157661,ASN-17083,Tanzania,PMO - US,Direct Drop,EXW,Air,7/31/12,10/4/12,7-Dec-12,30-Nov-12,30-Nov-12,HRDT,HIV test,"Orgenics, Ltd","HIV 1/2, Determine Complete HIV Kit, 100 Tests","HIV 1/2, Determine Complete HIV Kit",Determine,,Test kit,100,2744,219520.0,80.0,0.8,"Alere Medical Co., Ltd.",Yes,1303,22158.58,307.77
12149,100-ZW-T01,Pre-PQ Process,SO-899,DN-469,Zimbabwe,PMO - US,From RDC,N/A - From RDC,Truck,Pre-PQ Process,N/A - From RDC,7-Dec-07,7-Dec-07,7-Dec-07,ARV,Adult,SCMS from RDC,"Lamivudine/Zidovudine 150/300mg, tablets, 60 Tabs",Lamivudine/Zidovudine,Generic,150/300mg,Tablet - FDC,60,1560,14820.0,9.5,0.16,"Aurobindo Unit III, India",Yes,147,1671.84,23.71
43928,116-ZA-T30,FPQ-12522,SCMS-199283,ASN-27980,South Africa,PMO - US,Direct Drop,DDP,Truck,7/11/13,8/27/14,27-Aug-14,27-Aug-14,27-Aug-14,ARV,Adult,S. BUYS WHOLESALER,"Tenofovir Disoproxil Fumarate 300mg, tablets, 30 Tabs",Tenofovir Disoproxil Fumarate,Generic,300mg,Tablet,30,98,2214.85,22.6,0.75,"Aurobindo Unit III, India",No,Weight Captured Separately,Freight Included in Commodity Cost,2.74
85763,104-CI-T30,FPQ-6495,SO-39670,DN-2232,Côte d'Ivoire,PMO - US,From RDC,N/A - From RDC,Air,10/4/10,N/A - From RDC,16-May-11,20-Jun-11,20-Jun-11,ARV,Pediatric,SCMS from RDC,"Nevirapine 10mg/ml, oral suspension w/syringe, Bottle, 240 ml",Nevirapine,Generic,10mg/ml,Oral suspension,240,3500,6825.0,1.95,0.01,"Aurobindo Unit III, India",Yes,1313,5597.54,14.71
11605,114-UG-T01,Pre-PQ Process,SO-10180,DN-898,Uganda,PMO - US,From RDC,N/A - From RDC,Air,Pre-PQ Process,N/A - From RDC,25-Sep-08,25-Sep-08,25-Sep-08,ARV,Pediatric,SCMS from RDC,"Zidovudine 10mg/ml, oral solution, Bottle, 240 ml",Zidovudine,Generic,10mg/ml,Oral solution,240,14668,30802.8,2.1,0.01,"Aurobindo Unit III, India",Yes,5511,7876.44,49.28
83210,103-ZW-T30,FPQ-12086,SO-45123,DN-3549,Zimbabwe,PMO - US,From RDC,N/A - From RDC,Truck,4/19/13,N/A - From RDC,31-Mar-14,11-Feb-14,4-Mar-14,ARV,Pediatric,SCMS from RDC,"Efavirenz 200mg, scored tablets, 90 Tabs",Efavirenz,Generic,200mg,Tablet,90,266,2473.8,9.3,0.1,"Strides, Bangalore, India.",Yes,17,1200,3.06
74465,106-HT-T30,FPQ-6941,SCMS-100090,ASN-10006,Haiti,PMO - US,Direct Drop,FCA,Air,1/3/11,2/15/11,5-Apr-11,5-Apr-11,5-Apr-11,ARV,Pediatric,BRISTOL-MYERS SQUIBB,"Didanosine 50mg [Videx], chewable tablets, 60 Tabs",Didanosine,Videx,50mg,Chewable/dispersible tablet,60,200,1900.0,9.5,0.16,"BMS Meymac, France",Yes,94,757.42,3.14
41099,161-ZA-T30,FPQ-5303,SCMS-68740,ASN-8174,South Africa,PMO - US,Direct Drop,DDP,Air,3/18/10,3/19/10,1-Sep-10,11-Oct-10,11-Oct-10,ARV,Adult,CIPLA LIMITED,"Tenofovir Disoproxil Fumarate 300mg, tablets, 30 Tabs",Tenofovir Disoproxil Fumarate,Generic,300mg,Tablet,30,83238,650921.16,7.82,0.26,"Cipla, Goa, India",Yes,5663,5298.02,1403.39
85261,113-ZW-T30,FPQ-8464,SO-40861,DN-2655,Zimbabwe,PMO - US,From RDC,N/A - From RDC,Truck,10/4/11,N/A - From RDC,31-May-12,25-May-12,25-May-12,ARV,Adult,SCMS from RDC,"Efavirenz 600mg, tablets, 30 Tabs",Efavirenz,Generic,600mg,Tablet,30,17422,71778.64,4.12,0.14,"Strides, Bangalore, India.",No,See DN-2655 (ID#:82474),See DN-2655 (ID#:82474),118.43
55376,108-VN-T30,FPQ-6384,SCMS-87710,ASN-9710,Vietnam,PMO - US,Direct Drop,FCA,Air,9/30/10,10/14/10,25-Feb-11,25-Feb-11,25-Feb-11,ARV,Adult,ABBVIE LOGISTICS (FORMERLY ABBOTT LOGISTICS BV),"Ritonavir 100mg [Norvir], capsules, cool, 4 x 84 Caps",Ritonavir,Norvir,100mg,Capsule,336,18,3717.18,206.51,0.61,ABBVIE (Abbott) Logis. UK,Yes,55,3785.84,8.01
11298,114-UG-T01,Pre-PQ Process,SO-17754,DN-1125,Uganda,PMO - US,From RDC,N/A - From RDC,Air,Pre-PQ Process,N/A - From RDC,8-Apr-09,8-Apr-09,8-Apr-09,ARV,Adult,SCMS from RDC,"Emtricitabine/Tenofovir Disoproxil Fumarate 200/300mg [Truvada], tablets, 30 Tabs",Emtricitabine/Tenofovir Disoproxil Fumarate,Truvada,300/200mg,Tablet - FDC,30,3014,79117.5,26.25,0.88,"Aspen-OSD, Port Elizabeth, SA",Yes,291,1755,155.07
76097,108-VN-T30,FPQ-4098,SCMS-51770,ASN-5448,Vietnam,PMO - US,Direct Drop,EXW,Air,8/12/09,8/14/09,3-Dec-09,3-Dec-09,3-Dec-09,ARV,Adult,Aurobindo Pharma Limited,"Stavudine 30mg, capsules, 60 Caps",Stavudine,Generic,30mg,Capsule,60,13020,18879.0,1.45,0.02,"Aurobindo Unit III, India",Yes,861,1872.53,37.0
77772,114-UG-T30,FPQ-5277,SCMS-68320,ASN-6788,Uganda,PMO - US,Direct Drop,FCA,Air,3/12/10,3/18/10,12-May-10,12-May-10,12-May-10,ARV,Adult,ABBVIE LOGISTICS (FORMERLY ABBOTT LOGISTICS BV),"Lopinavir/Ritonavir 200/50mg [Aluvia], tablets, 120 Tabs",Lopinavir/Ritonavir,Aluvia,200/50mg,Tablet,120,160,5785.6,36.16,0.3,ABBVIE Ludwigshafen Germany,Yes,47,1238.94,12.47
17870,116-ZA-T30,FPQ-4054,SCMS-51251,ASN-5341,South Africa,PMO - US,Direct Drop,DDP,Truck,7/29/09,8/7/09,7-Oct-09,7-Oct-09,7-Oct-09,ARV,Pediatric,S. BUYS WHOLESALER,"Stavudine 1mg/ml, powder for oral solution, 200 ml",Stavudine,Generic,1mg/ml,Oral solution,200,500,1303.53,2.61,0.01,"Aurobindo Unit III, India",Yes,Weight Captured Separately,Freight Included in Commodity Cost,2.55
52793,105-GH-T30,FPQ-14667,SCMS-254770,ASN-30499,Ghana,PMO - US,Direct Drop,EXW,Air,8/11/14,9/25/14,10-Apr-15,10-Apr-15,13-Apr-15,ARV,Pediatric,MYLAN LABORATORIES LTD (FORMERLY MATRIX LABORATORIES),"Lamivudine/Zidovudine 30/60mg, dispersible tablets, 60 Tabs",Lamivudine/Zidovudine,Generic,30/60mg,Chewable/dispersible tablet - FDC,60,11022,21933.78,1.99,0.03,"Mylan,  H-12 & H-13, India",Yes,1976,12580,22.55
82942,113-ZW-T30,FPQ-6470,SO-37810,DN-2126,Zimbabwe,PMO - US,From RDC,N/A - From RDC,Truck,10/13/10,N/A - From RDC,31-Mar-11,17-Mar-11,17-Mar-11,ARV,Adult,SCMS from RDC,"Nevirapine 200mg, tablets, 60 Tabs",Nevirapine,Generic,200mg,Tablet,60,91970,230844.7,2.51,0.04,Hetero Unit III Hyderabad IN,Yes,5357,7765.18,497.7
646,116-ZA-T01,Pre-PQ Process,SCMS-26820,ASN-2488,South Africa,PMO - US,Direct Drop,DDP,Truck,Pre-PQ Process,Date Not Captured,10-Jul-08,8-Jul-08,8-Jul-08,ARV,Pediatric,S. BUYS WHOLESALER,"Nevirapine 10mg/ml [Viramune], oral suspension, Bottle, 240 ml",Nevirapine,Viramune,10mg/ml,Oral suspension,240,50,696.5,13.93,0.06,"BI, Ingelheim, Germany",Yes,Weight Captured Separately,Freight Included in Commodity Cost,1.11
38243,116-ZA-T30,FPQ-13973,SCMS-238555,ASN-29257,South Africa,PMO - US,Direct Drop,DDP,Truck,4/30/14,11/4/14,5-Nov-14,5-Nov-14,5-Nov-14,ARV,Adult,PHARMACY DIRECT,"Didanosine 400mg, delayed-release capsules, 30 Caps",Didanosine,Generic,400mg,Delayed-release capsules,30,7,137.73,19.68,0.66,"Aurobindo Unit III, India",No,Weight Captured Separately,Freight Included in Commodity Cost,0.14
85250,110-ZM-T30,FPQ-8759,SO-41122,DN-2613,Zambia,PMO - US,From RDC,N/A - From RDC,Truck,11/6/11,N/A - From RDC,27-Apr-12,16-Apr-12,16-Apr-12,ARV,Adult,SCMS from RDC,"Abacavir 300mg, tablets, 60 Tabs",Abacavir,Generic,300mg,Tablet,60,15000,219450.0,14.63,0.24,Mylan (formerly Matrix) Nashik,Yes,1677,8510.81,307.67
43812,107-RW-T30,FPQ-3859,SCMS-48930,ASN-6667,Rwanda,PMO - US,Direct Drop,CIP,Air,6/30/09,7/17/09,13-Apr-10,13-Apr-10,13-Apr-10,ARV,Adult,Aurobindo Pharma Limited,"Abacavir 300mg, tablets, 60 Tabs",Abacavir,Generic,300mg,Tablet,60,10620,205284.6,19.33,0.32,"Aurobindo Unit III, India",Yes,1050,18475.61,402.36
10571,113-ZW-T01,Pre-PQ Process,SO-278,DN-141,Zimbabwe,PMO - US,From RDC,N/A - From RDC,,Pre-PQ Process,N/A - From RDC,20-May-07,20-May-07,20-May-07,ARV,Adult,SCMS from RDC,"Efavirenz 600mg, tablets, 30 Tabs",Efavirenz,Generic,600mg,Tablet,30,6000,97500.0,16.25,0.54,"Aurobindo Unit III, India",Yes,553,1956.93,
85076,114-UG-T30,FPQ-4470,SO-34010,DN-1548,Uganda,PMO - US,From RDC,N/A - From RDC,Air,8/17/09,N/A - From RDC,30-Nov-09,2-Dec-09,2-Dec-09,ARV,Adult,SCMS from RDC,"Efavirenz 600mg, tablets, 30 Tabs",Efavirenz,Generic,600mg,Tablet,30,5000,28900.0,5.78,0.19,"Aurobindo Unit III, India",Yes,907,9044.65,56.64
5201,104-CI-T01,Pre-PQ Process,SCMS-42241,ASN-4812,Côte d'Ivoire,PMO - US,Direct Drop,CIP,Air,Pre-PQ Process,3/30/09,15-Sep-09,15-Sep-09,15-Sep-09,ARV,Pediatric,ABBVIE LOGISTICS (FORMERLY ABBOTT LOGISTICS BV),"Lopinavir/Ritonavir 80/20mg/ml [Kaletra], oral solution, cool, Bottle 5 x 60 ml",Lopinavir/Ritonavir,Kaletra,80/20mg/ml,Oral solution,300,20,822.0,41.1,0.14,ABBVIE (Abbott) Logis. UK,Yes,Weight Captured Separately,Freight Included in Commodity Cost,1.61
62712,114-UG-T30,FPQ-15303,SCMS-264920,ASN-30994,Uganda,PMO - US,Direct Drop,FCA,Air,11/11/14,11/25/14,20-Mar-15,20-Mar-15,20-Mar-15,ARV,Pediatric,ABBVIE LOGISTICS (FORMERLY ABBOTT LOGISTICS BV),"Lopinavir/Ritonavir 80/20mg/ml [Kaletra], oral solution, cool, Bottle 5 x 60 ml",Lopinavir/Ritonavir,Kaletra,80/20mg/ml,Oral solution,300,150,4623.0,30.82,0.1,ABBVIE (Abbott) Logis. UK,Yes,170,2265.89,5.44
84793,106-HT-T30,FPQ-11281,SO-44400,DN-3015,Haiti,PMO - US,From RDC,N/A - From RDC,Air,1/16/13,N/A - From RDC,9-Apr-13,14-Mar-13,14-Mar-13,ARV,Adult,SCMS from RDC,"Lamivudine 150mg, tablets, 60 Tabs",Lamivudine,Generic,150mg,Tablet,60,1980,3940.2,1.99,0.03,Hetero Unit III Hyderabad IN,No,See DN-3015 (ID#:82554),See DN-3015 (ID#:82554),4.87
84263,151-NG-T30,FPQ-11771,SO-44752,DN-3174,Nigeria,PMO - US,From RDC,N/A - From RDC,Air Charter,2/28/13,N/A - From RDC,21-Aug-13,10-May-13,10-May-13,ARV,Pediatric,SCMS from RDC,"Abacavir/Lamivudine 60/30mg, tablets, 60 Tabs",Abacavir/Lamivudine,Generic,60/30mg,Tablet - FDC,60,763,3509.8,4.6,0.08,"Aurobindo Unit III, India",Yes,56,20666.07,4.34
12178,106-HT-T01,Pre-PQ Process,SO-2595,DN-837,Haiti,PMO - US,From RDC,N/A - From RDC,Air,Pre-PQ Process,N/A - From RDC,1-Aug-08,1-Aug-08,1-Aug-08,ARV,Adult,SCMS from RDC,"Lamivudine/Zidovudine 150/300mg, tablets, 60 Tabs",Lamivudine/Zidovudine,Generic,150/300mg,Tablet - FDC,60,16752,158306.4,9.45,0.16,"Aurobindo Unit III, India",Yes,1580,11572,253.29
84688,104-CI-T30,FPQ-8363,SO-40831,DN-2469,Côte d'Ivoire,PMO - US,From RDC,N/A - From RDC,Air Charter,8/29/11,N/A - From RDC,27-Apr-12,8-Feb-12,8-Feb-12,ARV,Adult,SCMS from RDC,"Lamivudine/Zidovudine 150/300mg, tablets, 60 Tabs",Lamivudine/Zidovudine,Generic,150/300mg,Tablet - FDC,60,57061,471323.86,8.26,0.14,"Cipla, Goa, India",No,See DN-2469 (ID#:82427),See DN-2469 (ID#:82427),777.68
84049,151-NG-T30,FPQ-5688,SO-37500,DN-2025,Nigeria,PMO - US,From RDC,N/A - From RDC,Air,5/27/10,N/A - From RDC,22-Oct-10,10-Nov-10,10-Nov-10,ARV,Adult,SCMS from RDC,"Lamivudine/Nevirapine/Stavudine 150/200/30mg, tablets, 60 Tabs",Lamivudine/Nevirapine/Stavudine,Generic,150/200/30mg,Tablet - FDC,60,2000,11460.0,5.73,0.1,"Cipla, Goa, India",No,See DN-2025 (ID#:83460),See DN-2025 (ID#:83460),24.71
27067,133-NG-T30,FPQ-12458,SCMS-196570,ASN-21226,Nigeria,PMO - US,Direct Drop,EXW,Air,6/10/13,7/10/13,27-Aug-13,27-Aug-13,27-Aug-13,HRDT,HIV test,"CHEMBIO DIAGNOSTIC SYSTEMS, INC.","HIV 1/2, Stat-Pak HIV, Kit, 20 Tests","HIV 1/2, Stat-Pak HIV, Kit",Stat-Pak,,Test kit,20,202,6464.0,32.0,1.6,Chembio Diagnostics Sys. Inc.,Yes,60,624.92,8.0
85410,151-NG-T30,FPQ-11864,SO-44933,DN-3369,Nigeria,PMO - US,From RDC,N/A - From RDC,Air Charter,3/14/13,N/A - From RDC,31-Oct-13,14-Oct-13,24-Oct-13,ARV,Adult,SCMS from RDC,"Lamivudine/Nevirapine/Zidovudine 150/200/300mg, tablets, 60 Tabs",Lamivudine/Nevirapine/Zidovudine,Generic,150/300/200mg,Tablet - FDC,60,123700,1061346.0,8.58,0.14,"Cipla, Goa, India",Yes,18882,20225.07,1312.89
69461,116-ZA-T30,FPQ-13035,SCMS-215370,ASN-24415,South Africa,PMO - US,Direct Drop,DDP,Truck,10/8/13,12/2/13,6-Feb-14,6-Feb-14,6-Feb-14,ARV,Adult,S. BUYS WHOLESALER,"Emtricitabine/Tenofovir Disoproxil Fumarate 200/300mg, tablets, 30 Tabs",Emtricitabine/Tenofovir Disoproxil Fumarate,Generic,200/300mg,Tablet - FDC,30,4,119.68,29.92,1.0,"Aurobindo Unit III, India",No,Weight Captured Separately,Freight Included in Commodity Cost,0.15
6693,102-GY-T01,Pre-PQ Process,SCMS-766,ASN-588,Guyana,PMO - US,Direct Drop,EXW,Air,Pre-PQ Process,7/6/07,8-Aug-07,8-Aug-07,8-Aug-07,HRDT,HIV test,"CHEMBIO DIAGNOSTIC SYSTEMS, INC.","HIV 1/2, Stat-Pak HIV, Kit, 20 Tests","HIV 1/2, Stat-Pak HIV, Kit",Stat-Pak,,Test kit,20,50,1350.0,27.0,1.35,Chembio Diagnostics Sys. Inc.,Yes,13,581.1,2.16
65849,116-ZA-T30,FPQ-12522,SCMS-199283,ASN-27979,South Africa,PMO - US,Direct Drop,DDP,Truck,7/11/13,8/27/14,27-Aug-14,27-Aug-14,27-Aug-14,ARV,Adult,S. BUYS WHOLESALER,"Tenofovir Disoproxil Fumarate 300mg, tablets, 30 Tabs",Tenofovir Disoproxil Fumarate,Generic,300mg,Tablet,30,132,2983.26,22.6,0.75,"Aurobindo Unit III, India",No,Weight Captured Separately,Freight Included in Commodity Cost,3.69
85655,104-CI-T30,FPQ-4378,SO-34372,DN-1656,Côte d'Ivoire,PMO - US,From RDC,N/A - From RDC,Air,10/15/09,N/A - From RDC,6-Apr-10,1-Mar-10,1-Mar-10,ARV,Pediatric,SCMS from RDC,"Zidovudine 10mg/ml, oral solution, Bottle, 240 ml",Zidovudine,Generic,10mg/ml,Oral solution,240,7107,14924.7,2.1,0.01,"Aurobindo Unit III, India",Yes,2633,3688.33,29.25
11197,111-MZ-T01,Pre-PQ Process,SO-1039,DN-603,Mozambique,PMO - US,From RDC,N/A - From RDC,Air,Pre-PQ Process,N/A - From RDC,8-Apr-08,8-Apr-08,8-Apr-08,ARV,Adult,SCMS from RDC,"Lamivudine/Stavudine 150/30mg, tablets, 30 Tabs",Lamivudine/Stavudine,Generic,150/30mg,Tablet - FDC,30,50000,100000.0,2.0,0.07,"Cipla, Goa, India",Yes,3584,8405.91,160.0
55049,900-UG-T30,FPQ-10089,SCMS-149400,ASN-15428,Uganda,PMO - US,Direct Drop,EXW,Air,6/7/12,6/12/12,23-Jul-12,18-Jul-12,18-Jul-12,ARV,Adult,Aurobindo Pharma Limited,"Efavirenz 600mg, tablets, 30 Tabs",Efavirenz,Generic,600mg,Tablet,30,54383,184902.2,3.4,0.11,"Aurobindo Unit III, India",Yes,4668,20869.6,259.23
15142,161-ZA-T30,FPQ-5303,SCMS-68940,ASN-7597,South Africa,PMO - US,Direct Drop,DDP,Air,3/18/10,3/19/10,7-Sep-10,7-Sep-10,7-Sep-10,ARV,Adult,Aurobindo Pharma Limited,"Efavirenz 600mg, tablets, 30 Tabs",Efavirenz,Generic,600mg,Tablet,30,11510,53751.7,4.67,0.16,"Aurobindo Unit III, India",Yes,993,4263.07,115.89
63274,108-VN-T30,FPQ-5317,SCMS-69710,ASN-7510,Vietnam,PMO - US,Direct Drop,EXW,Air,3/22/10,3/29/10,9-Aug-10,9-Aug-10,9-Aug-10,ARV,Adult,MYLAN LABORATORIES LTD (FORMERLY MATRIX LABORATORIES),"Abacavir 300mg, tablets, 60 Tabs",Abacavir,Generic,300mg,Tablet,60,249,3956.61,15.89,0.26,Mylan (formerly Matrix) Nashik,No,See ASN-7510 (ID#:35983),See ASN-7510 (ID#:35983),8.53
11525,109-TZ-T01,Pre-PQ Process,SO-1648,DN-559,Tanzania,PMO - US,From RDC,N/A - From RDC,Air,Pre-PQ Process,N/A - From RDC,25-Feb-08,25-Feb-08,25-Feb-08,ARV,Adult,SCMS from RDC,"Efavirenz 600mg, tablets, 30 Tabs",Efavirenz,Generic,600mg,Tablet,30,20000,248400.0,12.42,0.41,"Aurobindo Unit III, India",No,See DN-559 (ID#:10940),See DN-559 (ID#:10940),397.44
13915,800-CM-T30,FPQ-12570,SCMS-200891,ASN-25755,Cameroon,PMO - US,Direct Drop,EXW,Air,7/10/13,8/6/13,15-May-14,15-May-14,15-May-14,HRDT,HIV test,Orasure Technologies Inc.,"HIV 1/2, OraQuick Rapid Antibody Kit, 100 Tests","HIV 1/2, OraQuick Rapid Antibody Kit",OraQuick,,Test kit,100,1000,350000.0,350.0,3.5,"Orasure Technologies, Inc",Yes,2090,51331.09,432.95
637,108-VN-T01,Pre-PQ Process,SCMS-26200,ASN-2563,Vietnam,PMO - US,Direct Drop,EXW,Air,Pre-PQ Process,7/3/08,8-Oct-08,8-Oct-08,8-Oct-08,ARV,Adult,Aurobindo Pharma Limited,"Stavudine 30mg, capsules, 60 Caps",Stavudine,Generic,30mg,Capsule,60,42000,60900.0,1.45,0.02,"Aurobindo Unit III, India",Yes,2600,10179.16,97.44
83061,900-UG-T30,FPQ-10048,SO-42570,DN-2781,Uganda,PMO - US,From RDC,N/A - From RDC,Air,6/6/12,N/A - From RDC,30-Oct-12,30-Oct-12,30-Oct-12,ARV,Adult,SCMS from RDC,"Lamivudine/Tenofovir Disoproxil Fumarate 300/300mg, tablets, 30 Tabs",Lamivudine/Tenofovir Disoproxil Fumarate,Generic,300/300mg,Tablet - FDC,30,20000,110800.0,5.54,0.18,"Aurobindo Unit VII, IN",Yes,8996,43098.9,155.34
77494,114-UG-T30,FPQ-12477,SCMS-198721,ASN-22001,Uganda,PMO - US,Direct Drop,EXW,Ocean,7/8/13,8/27/13,18-Dec-13,18-Dec-13,20-Dec-13,ARV,Adult,MYLAN LABORATORIES LTD (FORMERLY MATRIX LABORATORIES),"Lamivudine/Zidovudine 150/300mg, tablets, 60 Tabs",Lamivudine/Zidovudine,Generic,150/300mg,Tablet - FDC,60,9888,64173.12,6.49,0.11,Mylan (formerly Matrix) Nashik,Yes,858,10833.06,79.38
85106,151-NG-T30,FPQ-4537,SO-35111,DN-1786,Nigeria,PMO - US,From RDC,N/A - From RDC,Air Charter,11/6/09,N/A - From RDC,31-May-10,18-May-10,18-May-10,ARV,Adult,SCMS from RDC,"Lamivudine/Zidovudine+Efavirenz 150/300mg+600mg, tablets, co-blister 60+30 Tabs",Lamivudine/Zidovudine+Efavirenz,Generic,150/300mg+600mg,Tablet - FDC + co-blister,90,250,6875.0,27.5,0.31,"Aurobindo Unit III, India",Yes,42,9736.1,14.82
11144,111-MZ-T01,Pre-PQ Process,SO-502,DN-282,Mozambique,PMO - US,From RDC,N/A - From RDC,Air,Pre-PQ Process,N/A - From RDC,10-Oct-07,10-Oct-07,10-Oct-07,ARV,Pediatric,SCMS from RDC,"Efavirenz 200mg, capsule, 90 Caps",Efavirenz,Generic,200mg,Capsule,90,400,6780.0,16.95,0.19,"Aurobindo Unit III, India",Yes,3340,3438.84,10.85
73607,104-CI-T30,FPQ-3882,SCMS-51820,ASN-4980,Côte d'Ivoire,PMO - US,Direct Drop,FCA,Air,7/24/09,8/24/09,16-Oct-09,16-Oct-09,16-Oct-09,ARV,Adult,ABBVIE LOGISTICS (FORMERLY ABBOTT LOGISTICS BV),"Ritonavir 100mg [Norvir], capsules, cool, 4 x 84 Caps",Ritonavir,Norvir,100mg,Capsule,336,300,11508.0,38.36,0.11,ABBVIE (Abbott) France,Yes,546,8956.05,22.56
10616,110-ZM-T01,Pre-PQ Process,SO-804,DN-328,Zambia,PMO - US,From RDC,N/A - From RDC,,Pre-PQ Process,N/A - From RDC,31-Aug-07,31-Aug-07,31-Aug-07,ARV,Adult,SCMS from RDC,"Lopinavir/Ritonavir 200/50mg [Aluvia], tablets, 120 Tabs",Lopinavir/Ritonavir,Aluvia,200/50mg,Tablet,120,3769,154905.9,41.1,0.34,ABBVIE Ludwigshafen Germany,Yes,821,4068.44,247.85
86427,104-CI-T30,FPQ-7659,SO-40120,DN-2449,Côte d'Ivoire,PMO - US,From RDC,N/A - From RDC,Air,5/3/11,N/A - From RDC,30-Dec-11,5-Dec-11,5-Dec-11,ARV,Adult,SCMS from RDC,"Efavirenz 600mg, tablets, 30 Tabs",Efavirenz,Generic,600mg,Tablet,30,7132,30097.04,4.22,0.14,"Strides, Bangalore, India.",Yes,434,3526.27,49.66
84879,111-MZ-T30,FPQ-11884,SO-44840,DN-3485,Mozambique,PMO - US,From RDC,N/A - From RDC,Truck,3/19/13,N/A - From RDC,20-Mar-14,28-Mar-14,4-Apr-14,ARV,Adult,SCMS from RDC,"Efavirenz/Lamivudine/Tenofovir Disoproxil Fumarate 600/300/300mg, tablets, 30 Tabs",Efavirenz/Lamivudine/Tenofovir Disoproxil Fumarate,Generic,600/300/300mg,Tablet - FDC,30,70000,780500.0,11.15,0.37,"Aurobindo Unit VII, IN",Yes,18957,16813.62,965.48
27474,102-SD-T30,FPQ-5292,SCMS-69260,ASN-6585,Sudan,PMO - US,Direct Drop,EXW,Air,3/15/10,3/24/10,7-May-10,7-May-10,7-May-10,HRDT,HIV test,"Trinity Biotech, Plc","HIV 1/2, Uni-Gold HIV Kit, 20 Tests","HIV 1/2, Uni-Gold HIV Kit",Uni-Gold,,Test kit,20,160,5120.0,32.0,1.6,"Trinity Biotech, Plc",Yes,53,1310.92,11.04
37820,116-ZA-T30,FPQ-13973,SCMS-238556,ASN-31854,South Africa,PMO - US,Direct Drop,DDP,Truck,4/30/14,4/28/15,28-Apr-15,28-Apr-15,28-Apr-15,ARV,Adult,PHARMACY DIRECT,"Tenofovir Disoproxil Fumarate 300mg, tablets, 30 Tabs",Tenofovir Disoproxil Fumarate,Generic,300mg,Tablet,30,60,1147.25,19.12,0.64,Mylan (formerly Matrix) Nashik,No,Weight Captured Separately,Freight Included in Commodity Cost,1.18
83239,151-NG-T30,FPQ-13293,SO-47282,DN-3662,Nigeria,PMO - US,From RDC,N/A - From RDC,Air Charter,11/19/13,N/A - From RDC,6-May-14,17-Apr-14,2-May-14,ARV,Pediatric,SCMS from RDC,"Lamivudine/Nevirapine/Zidovudine 30/50/60mg, dispersible tablets, 60 Tabs",Lamivudine/Nevirapine/Zidovudine,Generic,30/50/60mg,Chewable/dispersible tablet - FDC,60,70000,272300.0,3.89,0.06,"Strides, Bangalore, India.",Yes,3376,29674.91,279.92
7436,108-VN-T01,Pre-PQ Process,SCMS-31720,ASN-3312,Vietnam,PMO - US,Direct Drop,EXW,Air,Pre-PQ Process,10/21/08,27-Feb-09,27-Feb-09,27-Feb-09,ARV,Adult,Aurobindo Pharma Limited,"Nevirapine 200mg, tablets, 60 Tabs",Nevirapine,Generic,200mg,Tablet,60,7800,22620.0,2.9,0.05,"Aurobindo Unit III, India",No,See ASN-3312 (ID#:6081),See ASN-3312 (ID#:6081),44.34
12569,114-UG-T01,Pre-PQ Process,SO-26180,DN-1197,Uganda,PMO - US,From RDC,N/A - From RDC,Air,Pre-PQ Process,N/A - From RDC,24-Apr-09,24-Apr-09,24-Apr-09,ARV,Adult,SCMS from RDC,"Lopinavir/Ritonavir 200/50mg [Aluvia], tablets, 120 Tabs",Lopinavir/Ritonavir,Aluvia,200/50mg,Tablet,120,80,3288.0,41.1,0.34,ABBVIE Ludwigshafen Germany,Yes,19,1381.64,6.44
82713,111-MZ-T30,FPQ-13123,SO-47080,DN-3828,Mozambique,PMO - US,From RDC,N/A - From RDC,Truck,10/21/13,N/A - From RDC,29-Aug-14,5-Nov-14,7-Nov-14,ARV,Adult,SCMS from RDC,"Efavirenz 600mg, tablets, 30 Tabs",Efavirenz,Generic,600mg,Tablet,30,12710,40799.1,3.21,0.11,"Strides, Bangalore, India.",Yes,9511,10217.02,41.94
12659,104-CI-T01,Pre-PQ Process,SO-518,DN-149,Côte d'Ivoire,PMO - US,From RDC,N/A - From RDC,,Pre-PQ Process,N/A - From RDC,18-May-07,18-May-07,18-May-07,HRDT,HIV test,SCMS from RDC,"#108853** HIV, Genie II HIV-1/HIV-2 Kit, 40 Tests","HIV, Genie II HIV-1/HIV-2 Kit",Genie,,Test kit,40,160,12160.0,76.0,1.9,Bio-Rad Laboratories,Yes,173,1754,
83699,114-UG-T30,FPQ-11133,SO-43870,DN-3221,Uganda,PMO - US,From RDC,N/A - From RDC,Truck,12/13/12,N/A - From RDC,31-Jul-13,18-Jul-13,18-Jul-13,ARV,Adult,SCMS from RDC,"Efavirenz/Lamivudine/Tenofovir Disoproxil Fumarate 600/300/300mg, tablets, 30 Tabs",Efavirenz/Lamivudine/Tenofovir Disoproxil Fumarate,Generic,600/300/300mg,Tablet - FDC,30,36273,381591.96,10.52,0.35,Hetero Unit III Hyderabad IN,Yes,4846,13743.46,472.03
80665,900-SZ-T30,FPQ-8386,SCMS-122650,ASN-12532,Swaziland,PMO - US,Direct Drop,EXW,Air,9/14/11,9/22/11,16-Nov-11,16-Nov-11,16-Nov-11,ARV,Adult,MYLAN LABORATORIES LTD (FORMERLY MATRIX LABORATORIES),"Efavirenz/Lamivudine/Tenofovir Disoproxil Fumarate 600/300/300mg, tablets, 30 Tabs",Efavirenz/Lamivudine/Tenofovir Disoproxil Fumarate,Generic,600/300/300mg,Tablet - FDC,30,41700,587970.0,14.1,0.47,Mylan (formerly Matrix) Nashik,Yes,4900,29478.42,970.15
82842,106-HT-T30,FPQ-4277,SO-33730,DN-1479,Haiti,PMO - US,From RDC,N/A - From RDC,Air,9/22/09,N/A - From RDC,18-Nov-09,18-Oct-09,18-Oct-09,ARV,Pediatric,SCMS from RDC,"Abacavir 20mg/ml, oral solution, Bottle, 240 ml",Abacavir,Generic,20mg/ml,Oral solution,240,96,1405.44,14.64,0.06,"Aurobindo Unit III, India",Yes,54,1576.32,2.75
59258,133-NG-T30,FPQ-16329,SCMS-289130,ASN-32959,Nigeria,PMO - US,Direct Drop,EXW,Air,5/7/15,5/26/15,14-Jul-15,9-Jul-15,9-Jul-15,HRDT,HIV test,"Orgenics, Ltd","HIV 1/2, Determine Complete HIV Kit, 100 Tests","HIV 1/2, Determine Complete HIV Kit",Determine,,Test kit,100,6523,580547.0,89.0,0.89,"Alere Medical Co., Ltd.",Yes,6523,Freight Included in Commodity Cost,683.3
14542,161-ZA-T30,FPQ-5303,SCMS-68980,ASN-9647,South Africa,PMO - US,Direct Drop,DDP,Air,3/18/10,3/19/10,24-Aug-10,4-Mar-11,4-Mar-11,ARV,Pediatric,Aurobindo Pharma Limited,"Lamivudine 10mg/ml, oral solution w/syringe, Bottle, 240 ml",Lamivudine,Generic,10mg/ml,Oral solution,240,6395,19185.0,3.0,0.01,"Aurobindo Unit III, India",Yes,Weight Captured Separately,Freight Included in Commodity Cost,41.36
12148,114-UG-T01,Pre-PQ Process,SO-1302,DN-489,Uganda,PMO - US,From RDC,N/A - From RDC,Air,Pre-PQ Process,N/A - From RDC,15-Jan-08,15-Jan-08,15-Jan-08,ARV,Adult,SCMS from RDC,"Lamivudine/Zidovudine 150/300mg, tablets, 60 Tabs",Lamivudine/Zidovudine,Generic,150/300mg,Tablet - FDC,60,16,152.0,9.5,0.16,"Cipla, Goa, India",No,See DN-489 (ID#:11516),See DN-489 (ID#:11516),0.24
83760,107-RW-T30,FPQ-12766,SO-46490,DN-3520,Rwanda,PMO - US,From RDC,N/A - From RDC,Truck,8/2/13,N/A - From RDC,31-Jan-14,25-Feb-14,12-Mar-14,ARV,Adult,SCMS from RDC,"Lamivudine/Zidovudine 150/300mg, tablets, 60 Tabs",Lamivudine/Zidovudine,Generic,150/300mg,Tablet - FDC,60,8600,57878.0,6.73,0.11,"Cipla, Goa, India",Yes,770,9828.73,71.6
61749,111-MZ-T30,FPQ-5443,SCMS-70770,ASN-7201,Mozambique,PMO - US,Direct Drop,EXW,Air,4/5/10,4/21/10,4-Aug-10,4-Aug-10,4-Aug-10,HRDT,HIV test,"Orgenics, Ltd","HIV 1/2, Determine HIV Kit, without Lancets, 100 Tests","HIV 1/2, Determine HIV Kit, without Lancets",Determine,,Test kit,100,4131,320978.7,77.7,0.78,Inverness Japan,Yes,937,11566.55,692.03
11526,104-CI-T01,Pre-PQ Process,SO-1284,DN-586,Côte d'Ivoire,PMO - US,From RDC,N/A - From RDC,Air,Pre-PQ Process,N/A - From RDC,5-Feb-08,5-Feb-08,5-Feb-08,ARV,Adult,SCMS from RDC,"Indinavir 400mg [Crixivan], capsules, 180 Caps",Indinavir,Crixivan,400mg,Capsule,180,1550,77500.0,50.0,0.28,"MSD, Haarlem, NL",Yes,345,1888.48,124.0
1724,116-ZA-T01,Pre-PQ Process,SCMS-21460,ASN-1667,South Africa,PMO - US,Direct Drop,DDP,,Pre-PQ Process,4/4/08,25-Apr-08,7-Apr-08,7-Apr-08,ARV,Adult,S. BUYS WHOLESALER,"Didanosine EC 250mg [Videx EC], delayed-release capsules, Blister 3 x 10 Caps",Didanosine EC,Videx EC,250mg,Delayed-release capsules - blister,30,100,1849.0,18.49,0.62,"BMS Meymac, France",No,Weight Captured Separately,Freight Included in Commodity Cost,2.96
83039,114-UG-T30,FPQ-9875,SO-42080,DN-2677,Uganda,PMO - US,From RDC,N/A - From RDC,Truck,5/9/12,N/A - From RDC,17-Aug-12,8-Jun-12,8-Jun-12,ARV,Adult,SCMS from RDC,"Lamivudine/Zidovudine 150/300mg, tablets, 60 Tabs",Lamivudine/Zidovudine,Generic,150/300mg,Tablet - FDC,60,17827,138694.06,7.78,0.13,Hetero Unit III Hyderabad IN,Yes,2939,17665.42,194.45
47443,114-UG-T30,FPQ-4085,SCMS-53080,ASN-5062,Uganda,PMO - US,Direct Drop,FCA,Air,8/25/09,9/10/09,20-Oct-09,20-Oct-09,20-Oct-09,ARV,Adult,ABBVIE LOGISTICS (FORMERLY ABBOTT LOGISTICS BV),"Lopinavir/Ritonavir 200/50mg [Aluvia], tablets, 120 Tabs",Lopinavir/Ritonavir,Aluvia,200/50mg,Tablet,120,120,4339.2,36.16,0.3,ABBVIE Ludwigshafen Germany,Yes,36,1025.69,8.5
11989,113-ZW-T01,Pre-PQ Process,SO-21010,DN-1289,Zimbabwe,PMO - US,From RDC,N/A - From RDC,Truck,Pre-PQ Process,N/A - From RDC,22-Jun-09,22-Jun-09,22-Jun-09,ARV,Adult,SCMS from RDC,"Efavirenz 600mg, tablets, 30 Tabs",Efavirenz,Generic,600mg,Tablet,30,4000,42480.0,10.62,0.35,"Aurobindo Unit III, India",No,See DN-1289 (ID#:11332),See DN-1289 (ID#:11332),83.26
86537,109-TZ-T30,FPQ-10545,SO-43120,DN-2962,Tanzania,PMO - US,From RDC,N/A - From RDC,Truck,8/24/12,N/A - From RDC,4-Mar-13,4-Mar-13,4-Mar-13,ARV,Adult,SCMS from RDC,"Lopinavir/Ritonavir 200/50mg, tablets, 120 Tabs",Lopinavir/Ritonavir,Generic,200/50mg,Tablet,120,17201,459266.7,26.7,0.22,Mylan (formerly Matrix) Nashik,No,See DN-2962 (ID#:85320),See DN-2962 (ID#:85320),643.89
12478,112-NG-T01,Pre-PQ Process,SO-2351,DN-717,Nigeria,PMO - US,From RDC,N/A - From RDC,Air,Pre-PQ Process,N/A - From RDC,18-Apr-08,18-Apr-08,18-Apr-08,ARV,Adult,SCMS from RDC,"Stavudine 30mg, capsules, 60 Caps",Stavudine,Generic,30mg,Capsule,60,420,638.4,1.52,0.03,"Aurobindo Unit III, India",No,See DN-717 (ID#:11858),See DN-717 (ID#:11858),1.02
53560,133-NG-T30,FPQ-12456,SCMS-196561,ASN-22346,Nigeria,PMO - US,Direct Drop,EXW,Air,6/10/13,7/10/13,7-Nov-13,8-Nov-13,17-Nov-13,HRDT,HIV test,"Orgenics, Ltd","HIV 1/2, Determine Complete HIV Kit, 100 Tests","HIV 1/2, Determine Complete HIV Kit",Determine,,Test kit,100,3038,270382.0,89.0,0.89,"Alere Medical Co., Ltd.",Yes,1234,21084.84,334.46
85392,101-CD-T30,FPQ-12088,SO-45030,DN-3269,"Congo, DRC",PMO - US,From RDC,N/A - From RDC,Air,4/12/13,N/A - From RDC,28-Aug-13,8-Feb-14,11-Mar-14,ARV,Pediatric,SCMS from RDC,"Abacavir/Lamivudine 60/30mg, tablets, 60 Tabs",Abacavir/Lamivudine,Generic,60/30mg,Tablet - FDC,60,40,160.0,4.0,0.07,Mylan (formerly Matrix) Nashik,No,See DN-3269 (ID#:83711),See DN-3269 (ID#:83711),0.2
11374,100-CI-T01,Pre-PQ Process,SO-286,DN-71,Côte d'Ivoire,PMO - US,From RDC,N/A - From RDC,,Pre-PQ Process,N/A - From RDC,30-Apr-07,30-Apr-07,30-Apr-07,ARV,Adult,SCMS from RDC,"Indinavir 400mg [Crixivan], capsules, 180 Caps",Indinavir,Crixivan,400mg,Capsule,180,740,36496.8,49.32,0.27,MSD Elkton USA,Yes,206,1583,
20894,106-HT-T30,FPQ-9066,SCMS-138580,ASN-14408,Haiti,PMO - US,Direct Drop,EXW,Air,1/6/12,2/24/12,22-Apr-12,22-Apr-12,22-Apr-12,ARV,Adult,Aurobindo Pharma Limited,"Lopinavir/Ritonavir 200/50mg, tablets, 120 Tabs",Lopinavir/Ritonavir,Generic,200/50mg,Tablet,120,5240,157200.0,30.0,0.25,"Aurobindo Unit III, India",No,See ASN-14408 (ID#:16232),See ASN-14408 (ID#:16232),220.39
85887,151-NG-T30,FPQ-9432,SO-42933,DN-2794,Nigeria,PMO - US,From RDC,N/A - From RDC,Air Charter,3/1/12,N/A - From RDC,20-Aug-12,14-Aug-12,14-Aug-12,ARV,Adult,SCMS from RDC,"Lopinavir/Ritonavir 200/50mg, tablets, 120 Tabs",Lopinavir/Ritonavir,Generic,200/50mg,Tablet,120,17497,512837.07,29.31,0.24,"Aurobindo Unit III, India",Yes,4898,18461.22,719.0
82655,104-CI-T30,FPQ-12800,SO-46400,DN-3568,Côte d'Ivoire,PMO - US,From RDC,N/A - From RDC,Truck,8/9/13,N/A - From RDC,28-Mar-14,11-Apr-14,28-Apr-14,ARV,Adult,SCMS from RDC,"Lamivudine/Nevirapine/Zidovudine 150/200/300mg, tablets, 60 Tabs",Lamivudine/Nevirapine/Zidovudine,Generic,150/300/200mg,Tablet - FDC,60,40035,330689.1,8.26,0.14,Mylan (formerly Matrix) Nashik,Yes,16851,23776.41,409.06
84498,154-NG-T30,FPQ-3815,SO-32273,DN-1333,Nigeria,PMO - US,From RDC,N/A - From RDC,Air,5/26/09,N/A - From RDC,17-Sep-09,14-Sep-09,14-Sep-09,ARV,Adult,SCMS from RDC,"Lamivudine/Zidovudine 150/300mg, tablets, 60 Tabs",Lamivudine/Zidovudine,Generic,150/300mg,Tablet - FDC,60,316,2768.16,8.76,0.15,"Aurobindo Unit III, India",No,See DN-1333 (ID#:82839),See DN-1333 (ID#:82839),5.43
38308,106-HT-T30,FPQ-16241,SCMS-289480,ASN-32512,Haiti,PMO - US,Direct Drop,EXW,Air,5/5/15,5/29/15,2-Jul-15,2-Jul-15,6-Jul-15,ARV,Pediatric,Aurobindo Pharma Limited,"Nevirapine 50mg, dispersible tablets (tablets for oral suspension), 30 Tabs",Nevirapine,Generic,50mg,Chewable/dispersible tablet,30,2303,2878.75,1.25,0.04,"Aurobindo Unit III, India",Yes,143,2251.42,3.39
83813,117-ET-T30,FPQ-14544,SO-49240,DN-3892,Ethiopia,PMO - US,From RDC,N/A - From RDC,Air,6/30/14,N/A - From RDC,15-Sep-14,29-Aug-14,4-Nov-14,ARV,Pediatric,SCMS from RDC,"Abacavir/Lamivudine 60/30mg, dispersible tablets, 60 Tabs",Abacavir/Lamivudine,Generic,60/30mg,Chewable/dispersible tablet - FDC,60,429,2415.27,5.63,0.09,"Cipla, Patalganga, India",Yes,39,792.12,2.48
64904,133-NG-T30,FPQ-10765,SCMS-162440,ASN-17528,Nigeria,PMO - US,Direct Drop,EXW,Air,10/5/12,10/16/12,9-Jan-13,9-Jan-13,9-Jan-13,HRDT,HIV test,"Orgenics, Ltd","HIV 1/2, Determine Complete HIV Kit, 100 Tests","HIV 1/2, Determine Complete HIV Kit",Determine,,Test kit,100,2744,244216.0,89.0,0.89,"Alere Medical Co., Ltd.",Yes,1186,24927.19,342.39
85150,106-HT-T30,FPQ-5523,SO-36741,DN-2015,Haiti,PMO - US,From RDC,N/A - From RDC,Air,4/19/10,N/A - From RDC,30-Sep-10,7-Oct-10,7-Oct-10,ARV,Adult,SCMS from RDC,"Lamivudine/Zidovudine 150/300mg, tablets, 60 Tabs",Lamivudine/Zidovudine,Generic,150/300mg,Tablet - FDC,60,52752,451029.6,8.55,0.14,Hetero Unit III Hyderabad IN,No,See DN-2015 (ID#:82917),See DN-2015 (ID#:82917),972.42
85602,107-RW-T30,FPQ-16284,SO-51540,DN-4327,Rwanda,PMO - US,From RDC,N/A - From RDC,Air,5/27/15,N/A - From RDC,18-Aug-15,6-Aug-15,11-Aug-15,ARV,Adult,SCMS from RDC,"Lamivudine/Nevirapine/Zidovudine 150/200/300mg, tablets, 60 Tabs",Lamivudine/Nevirapine/Zidovudine,Generic,150/300/200mg,Tablet - FDC,60,8998,72973.78,8.11,0.14,"Hetero, Jadcherla, unit 5, IN",No,See DN-4327 (ID#:83349),See DN-4327 (ID#:83349),85.89
83586,109-TZ-T30,FPQ-8303,SO-40501,DN-2632,Tanzania,PMO - US,From RDC,N/A - From RDC,Truck,8/22/11,N/A - From RDC,31-May-12,16-May-12,16-May-12,ARV,Pediatric,SCMS from RDC,"Lamivudine/Nevirapine/Stavudine 30/50/6mg, dispersible tablets, 60 Tabs",Lamivudine/Nevirapine/Stavudine,Generic,30/50/6mg,Chewable/dispersible tablet - FDC,60,15855,39478.95,2.49,0.04,"Cipla, Goa, India",Yes,1380,4553.1,65.14
85408,100-ZM-T30,FPQ-12497,SO-45930,DN-3357,Zambia,PMO - US,From RDC,N/A - From RDC,Truck,6/20/13,N/A - From RDC,24-Nov-13,29-Nov-13,12-Dec-13,ARV,Adult,SCMS from RDC,"Nevirapine 200mg, tablets, 60 Tabs",Nevirapine,Generic,200mg,Tablet,60,35496,80220.96,2.26,0.04,"Cipla, Goa, India",No,Weight Captured Separately,Freight Included in Commodity Cost,99.23
48155,108-VN-T30,FPQ-6384,SCMS-87780,ASN-9408,Vietnam,PMO - US,Direct Drop,EXW,Air,9/30/10,10/18/10,16-Feb-11,16-Feb-11,16-Feb-11,ARV,Adult,HETERO LABS LIMITED,"Zidovudine 300mg, tablets, 60 Tabs",Zidovudine,Generic,300mg,Tablet,60,1008,7005.6,6.95,0.12,Hetero Unit III Hyderabad IN,No,See ASN-9408 (ID#:39263),See ASN-9408 (ID#:39263),15.1
49656,116-ZA-T30,FPQ-13214,SCMS-215410,ASN-23875,South Africa,PMO - US,Direct Drop,DDP,Truck,11/14/13,12/2/13,13-Jan-14,13-Jan-14,13-Jan-14,ARV,Adult,S. BUYS WHOLESALER,"Zidovudine 300mg, tablets, 60 Tabs",Zidovudine,Generic,300mg,Tablet,60,32,790.81,24.71,0.41,"Aurobindo Unit III, India",No,Weight Captured Separately,Freight Included in Commodity Cost,0.81
10814,111-MZ-T01,Pre-PQ Process,SO-497,DN-121,Mozambique,PMO - US,From RDC,N/A - From RDC,Air,Pre-PQ Process,N/A - From RDC,18-May-07,18-May-07,18-May-07,ARV,Pediatric,SCMS from RDC,"Abacavir 20mg/ml, oral solution, Bottle, 240 ml",Abacavir,Generic,20mg/ml,Oral solution,240,474,10191.0,21.5,0.09,"Aurobindo Unit III, India",Yes,221,710.68,
51668,105-SS-T30,FPQ-15569,SCMS-272160,ASN-31331,South Sudan,PMO - US,Direct Drop,EXW,Air,12/29/14,2/20/15,3-Jun-15,3-Jun-15,5-Jun-15,HRDT,HIV test,"Orgenics, Ltd","HIV 1/2, Determine Complete HIV Kit, 100 Tests","HIV 1/2, Determine Complete HIV Kit",Determine,,Test kit,100,100,8900.0,89.0,0.89,"Alere Medical Co., Ltd.",Yes,Weight Captured Separately,Invoiced Separately,10.48
72948,116-ZA-T30,FPQ-14942,SCMS-259077,ASN-33477,South Africa,PMO - US,Direct Drop,DDP,Truck,9/11/14,10/9/14,24-Jul-15,24-Jul-15,24-Jul-15,ARV,Adult,PHARMACY DIRECT,"Tenofovir Disoproxil Fumarate 300mg, tablets, 30 Tabs",Tenofovir Disoproxil Fumarate,Generic,300mg,Tablet,30,32,475.28,14.85,0.5,Mylan (formerly Matrix) Nashik,No,Weight Captured Separately,Freight Included in Commodity Cost,0.49
85019,107-RW-T30,FPQ-15632,SO-50740,DN-4150,Rwanda,PMO - US,From RDC,N/A - From RDC,Air,12/23/14,N/A - From RDC,31-Mar-15,20-Mar-15,23-Mar-15,ARV,Pediatric,SCMS from RDC,"Lamivudine/Zidovudine 30/60mg, dispersible tablets, 60 Tabs",Lamivudine/Zidovudine,Generic,30/60mg,Chewable/dispersible tablet - FDC,60,1700,3315.0,1.95,0.03,"Mylan,  H-12 & H-13, India",Yes,268,1061.37,3.9
23939,161-ZA-T30,FPQ-7175,SCMS-103370,ASN-12256,South Africa,PMO - US,Direct Drop,DDP,Ocean,3/10/11,3/24/11,8-Nov-11,8-Nov-11,8-Nov-11,ARV,Adult,Aurobindo Pharma Limited,"Efavirenz 600mg, tablets, 30 Tabs",Efavirenz,Generic,600mg,Tablet,30,249500,1125245.0,4.51,0.15,"Aurobindo Unit III, India",Yes,21205,25129.15,1856.65
58555,108-VN-T30,FPQ-7898,SCMS-113610,ASN-13012,Vietnam,PMO - US,Direct Drop,EXW,Air,6/27/11,7/8/11,20-Dec-11,20-Dec-11,20-Dec-11,ARV,Adult,STRIDES ARCOLAB LIMITED,"Lamivudine 150mg, tablets, 60 Tabs",Lamivudine,Generic,150mg,Tablet,60,16645,39115.75,2.35,0.04,"Strides, Bangalore, India.",Yes,742,5440.01,64.54
11533,131-NG-T01,Pre-PQ Process,SO-2575,DN-737,Nigeria,PMO - US,From RDC,N/A - From RDC,Air,Pre-PQ Process,N/A - From RDC,14-May-08,14-May-08,14-May-08,ARV,Adult,SCMS from RDC,"Lamivudine/Nevirapine/Zidovudine 150/200/300mg, tablets, 60 Tabs",Lamivudine/Nevirapine/Zidovudine,Generic,150/300/200mg,Tablet - FDC,60,164,2177.92,13.28,0.22,"Aurobindo Unit III, India",Yes,2095,10098.25,3.48
24060,107-RW-T30,FPQ-4047,SCMS-50800,ASN-5455,Rwanda,PMO - US,Direct Drop,CIP,Air,7/28/09,8/18/09,23-Nov-09,23-Nov-09,23-Nov-09,ARV,Adult,HETERO LABS LIMITED,"Lamivudine 150mg, tablets, 60 Tabs",Lamivudine,Generic,150mg,Tablet,60,10620,27505.8,2.59,0.04,Hetero Unit III Hyderabad IN,Yes,593,730.81,53.91
86798,114-UG-T30,FPQ-15294,SO-50050,DN-4218,Uganda,PMO - US,From RDC,N/A - From RDC,Truck,11/3/14,N/A - From RDC,15-Jun-15,14-May-15,15-May-15,ARV,Adult,SCMS from RDC,"Efavirenz 600mg, tablets, 30 Tabs",Efavirenz,Generic,600mg,Tablet,30,29998,93593.76,3.12,0.1,Hetero Unit III Hyderabad IN,No,See DN-4218 (ID#:83326),See DN-4218 (ID#:83326),110.16
72698,108-VN-T30,FPQ-12539,SCMS-199720,ASN-22937,Vietnam,PMO - US,Direct Drop,EXW,Air,7/11/13,7/25/13,16-Dec-13,16-Dec-13,16-Dec-13,ARV,Adult,Aurobindo Pharma Limited,"Abacavir 300mg, tablets, 60 Tabs",Abacavir,Generic,300mg,Tablet,60,591,6737.4,11.4,0.19,"Aurobindo Unit III, India",Yes,36,430.5,8.33
73314,111-MZ-T30,FPQ-8527,SCMS-130160,ASN-13819,Mozambique,PMO - US,Direct Drop,EXW,Air,10/5/11,12/29/11,2-May-12,2-May-12,2-May-12,HRDT,HIV test,"Orgenics, Ltd","HIV 1/2, Determine Complete HIV Kit, 100 Tests","HIV 1/2, Determine Complete HIV Kit",Determine,,Test kit,100,2891,231280.0,80.0,0.8,"Alere Medical Co., Ltd.",Yes,1378,25607.44,381.61
3976,110-ZM-T01,Pre-PQ Process,SCMS-352,ASN-200,Zambia,PMO - US,Direct Drop,EXW,Air,Pre-PQ Process,Date Not Captured,20-Feb-07,20-Feb-07,20-Feb-07,HRDT,HIV test,"Standard Diagnostics, Inc.","HIV 1/2, Bioline 3.0 Kit, Lancets, Capillary pipets, Alcohol swabs included, 25 Tests","HIV 1/2, Bioline 3.0 Kit, Lancets, Capillary pipets, Alcohol swabs included",Bioline,,Test kit,25,400,8000.0,20.0,0.8,"Standard Diagnostics, Korea",Yes,134,963.73,
82492,104-CI-T30,FPQ-8790,SO-41201,DN-2756,Côte d'Ivoire,PMO - US,From RDC,N/A - From RDC,Air,11/11/11,N/A - From RDC,31-Jul-12,31-Jul-12,31-Jul-12,ARV,Adult,SCMS from RDC,"Tenofovir Disoproxil Fumarate 300mg, tablets, 30 Tabs",Tenofovir Disoproxil Fumarate,Generic,300mg,Tablet,30,1499,7225.18,4.82,0.16,"Aurobindo Unit III, India",Yes,123,2252.42,10.13
81018,103-ZW-T30,FPQ-9905,SCMS-149120,ASN-19611,Zimbabwe,PMO - US,Direct Drop,FCA,Air,5/29/12,7/18/12,19-Jun-13,19-Jun-13,19-Jun-13,ARV,Pediatric,ABBVIE LOGISTICS (FORMERLY ABBOTT LOGISTICS BV),"Lopinavir/Ritonavir 80/20mg/ml [Kaletra], oral solution, cool, Bottle 5 x 60 ml",Lopinavir/Ritonavir,Kaletra,80/20mg/ml,Oral solution,300,2346,72303.72,30.82,0.1,ABBVIE (Abbott) Logis. UK,Yes,2172,31073.95,101.37
11076,111-MZ-T01,Pre-PQ Process,SO-32571,DN-1532,Mozambique,PMO - US,From RDC,N/A - From RDC,Air,Date Not Captured,N/A - From RDC,11-Dec-09,11-Dec-09,11-Dec-09,ARV,Adult,SCMS from RDC,"Lamivudine/Stavudine 150/30mg, tablets, 60 Tabs",Lamivudine/Stavudine,Generic,150/30mg,Tablet - FDC,60,2510,9789.0,3.9,0.06,"Cipla, Goa, India",Yes,190,1317.4,21.11
11493,104-CI-T01,Pre-PQ Process,SO-1298,DN-451,Côte d'Ivoire,PMO - US,From RDC,N/A - From RDC,Air,Pre-PQ Process,N/A - From RDC,17-Jan-08,17-Jan-08,17-Jan-08,ARV,Adult,SCMS from RDC,"Lopinavir/Ritonavir 200/50mg [Aluvia], tablets, 120 Tabs",Lopinavir/Ritonavir,Aluvia,200/50mg,Tablet,120,4,164.4,41.1,0.34,ABBVIE (Abbott) Logis. UK,No,See DN-451 (ID#:11205),See DN-451 (ID#:11205),0.26
33360,106-HT-T30,FPQ-11433,SCMS-178730,ASN-18767,Haiti,PMO - US,Direct Drop,CIP,Air,1/31/13,2/27/13,2-Apr-13,2-Apr-13,2-Apr-13,ARV,Adult,ETHNOR DEL ISTMO S.A.,"Darunavir 300mg [Prezista], tablets, 120 Tabs",Darunavir,Prezista,300mg,Tablet,120,120,7992.0,66.6,0.55,"Janssen Ortho LLC, Puerto Rico",Yes,26,240,9.89
61658,116-ZA-T30,FPQ-15269,SCMS-267020,ASN-29764,South Africa,PMO - US,Direct Drop,DDP,Truck,10/29/14,12/10/14,10-Dec-14,10-Dec-14,10-Dec-14,ARV,Adult,S. BUYS WHOLESALER,"Emtricitabine/Tenofovir Disoproxil Fumarate 200/300mg, tablets, 30 Tabs",Emtricitabine/Tenofovir Disoproxil Fumarate,Generic,200/300mg,Tablet - FDC,30,2,53.51,26.76,0.89,"Aurobindo Unit III, India",No,Weight Captured Separately,Freight Included in Commodity Cost,0.06
26996,116-ZA-T30,FPQ-14942,SCMS-259071,ASN-29597,South Africa,PMO - US,Direct Drop,DDP,Truck,9/11/14,11/28/14,28-Nov-14,28-Nov-14,28-Nov-14,ARV,Adult,PHARMACY DIRECT,"Nevirapine 200mg, tablets, 60 Tabs",Nevirapine,Generic,200mg,Tablet,60,22,282.13,12.82,0.21,"Aurobindo Unit III, India",No,Weight Captured Separately,Freight Included in Commodity Cost,0.29
63582,116-ZA-T30,FPQ-12522,SCMS-199289,ASN-28033,South Africa,PMO - US,Direct Drop,DDP,Truck,7/11/13,8/29/14,29-Aug-14,29-Aug-14,29-Aug-14,ARV,Pediatric,S. BUYS WHOLESALER,"Efavirenz 200mg, capsule, 90 Caps",Efavirenz,Generic,200mg,Capsule,90,60,1561.82,26.03,0.29,"Aurobindo Unit III, India",No,Weight Captured Separately,Freight Included in Commodity Cost,1.93
49359,116-ZA-T30,FPQ-15271,SCMS-266770,ASN-30174,South Africa,PMO - US,Direct Drop,DDP,Truck,10/29/14,12/17/14,9-Jan-15,9-Jan-15,9-Jan-15,ARV,Adult,PHARMACY DIRECT,"Efavirenz/Emtricitabine/Tenofovir Disoproxil Fumarate 600/200/300mg, tablets, 30 Tabs",Efavirenz/Emtricitabine/Tenofovir Disoproxil Fumarate,Generic,600/200/300mg,Tablet - FDC,30,5000,185776.9,37.16,1.24,Mylan (formerly Matrix) Nashik,Yes,Weight Captured Separately,Freight Included in Commodity Cost,218.66
86568,111-MZ-T30,FPQ-11033,SO-43790,DN-3102,Mozambique,PMO - US,From RDC,N/A - From RDC,Truck,11/12/12,N/A - From RDC,1-Aug-13,1-Aug-13,1-Aug-13,ARV,Adult,SCMS from RDC,"Lamivudine/Nevirapine/Zidovudine 150/200/300mg, tablets, 60 Tabs",Lamivudine/Nevirapine/Zidovudine,Generic,150/300/200mg,Tablet - FDC,60,108700,932646.0,8.58,0.14,Mylan (formerly Matrix) Nashik,No,See DN-3102 (ID#:82573),See DN-3102 (ID#:82573),1153.68
82971,200-ZW-T30,FPQ-6483,SO-38900,DN-2318,Zimbabwe,PMO - US,From RDC,N/A - From RDC,Truck,10/13/10,N/A - From RDC,30-Sep-11,23-Sep-11,23-Sep-11,ARV,Pediatric,SCMS from RDC,"Didanosine 200mg, delayed-release capsules, 30 Caps",Didanosine,Generic,200mg,Delayed-release capsules,30,51,561.0,11.0,0.37,"Aurobindo Unit III, India",Yes,6,909.15,1.21
83047,111-MZ-T30,FPQ-9506,SO-41761,DN-2704,Mozambique,PMO - US,From RDC,N/A - From RDC,Truck,3/16/12,N/A - From RDC,31-Jul-12,28-Jun-12,28-Jun-12,ARV,Pediatric,SCMS from RDC,"Nevirapine 10mg/ml, oral suspension w/syringe, Bottle, 240 ml",Nevirapine,Generic,10mg/ml,Oral suspension,240,60968,118887.6,1.95,0.01,"Aurobindo Unit III, India",Yes,Weight Captured Separately,Invoiced Separately,166.68
11622,151-NG-T01,Pre-PQ Process,SO-21781,DN-1130,Nigeria,PMO - US,From RDC,N/A - From RDC,Air,Pre-PQ Process,N/A - From RDC,24-Mar-09,24-Mar-09,24-Mar-09,ARV,Adult,SCMS from RDC,"Emtricitabine/Tenofovir Disoproxil Fumarate 200/300mg [Truvada], tablets, 30 Tabs",Emtricitabine/Tenofovir Disoproxil Fumarate,Truvada,300/200mg,Tablet - FDC,30,143,3753.75,26.25,0.88,"Aspen-OSD, Port Elizabeth, SA",Yes,14,6443.61,7.36
40680,104-CI-T30,FPQ-12806,SCMS-206570,ASN-24432,Côte d'Ivoire,PMO - US,Direct Drop,EXW,Air,8/9/13,9/17/13,27-Feb-14,27-Feb-14,26-Mar-14,ARV,Pediatric,Aurobindo Pharma Limited,"Nevirapine 50mg, dispersible tablets (tablets for oral suspension), 30 Tabs",Nevirapine,Generic,50mg,Chewable/dispersible tablet,30,7000,8750.0,1.25,0.04,"Aurobindo Unit III, India",Yes,480,5325.3,10.82
35900,102-SZ-T30,FPQ-9926,SCMS-147790,ASN-15643,Swaziland,PMO - US,Direct Drop,EXW,Air,5/18/12,6/21/12,9-Aug-12,9-Aug-12,9-Aug-12,HRDT,HIV test,"Orgenics, Ltd","HIV 1/2, Determine Complete HIV Kit, 100 Tests","HIV 1/2, Determine Complete HIV Kit",Determine,,Test kit,100,135,10800.0,80.0,0.8,"Alere Medical Co., Ltd.",Yes,69,1626.1,15.14
53822,102-GY-T30,FPQ-5496,SCMS-71610,ASN-8225,Guyana,PMO - US,Direct Drop,EXW,Air,4/15/10,6/21/10,6-Oct-10,6-Oct-10,6-Oct-10,HRDT,HIV test,"Trinity Biotech, Plc","HIV 1/2, Uni-Gold HIV Kit, 20 Tests","HIV 1/2, Uni-Gold HIV Kit",Uni-Gold,,Test kit,20,1686,53952.0,32.0,1.6,"Trinity Biotech, Plc",Yes,564,5806.53,116.32
86532,151-NG-T30,FPQ-9968,SO-42680,DN-2947,Nigeria,PMO - US,From RDC,N/A - From RDC,Air,5/23/12,N/A - From RDC,4-Dec-12,4-Dec-12,4-Dec-12,ARV,Adult,SCMS from RDC,"Lamivudine/Nevirapine/Zidovudine 150/200/300mg, tablets, 60 Tabs",Lamivudine/Nevirapine/Zidovudine,Generic,150/300/200mg,Tablet - FDC,60,138508,1332446.96,9.62,0.16,Mylan (formerly Matrix) Nashik,No,See DN-2947 (ID#:83642),See DN-2947 (ID#:83642),1868.09
75089,116-ZA-T30,FPQ-14942,SCMS-259071,ASN-29596,South Africa,PMO - US,Direct Drop,DDP,Truck,9/11/14,11/28/14,28-Nov-14,28-Nov-14,28-Nov-14,ARV,Adult,PHARMACY DIRECT,"Darunavir 300mg [Prezista], tablets, 120 Tabs",Darunavir,Prezista,300mg,Tablet,120,36,1696.63,47.13,0.39,"Janssen-Cilag, Latina, IT",No,Weight Captured Separately,Freight Included in Commodity Cost,1.74
11996,151-NG-T01,Pre-PQ Process,SO-32646,DN-1340,Nigeria,PMO - US,From RDC,N/A - From RDC,Air Charter,Date Not Captured,N/A - From RDC,4-Aug-09,4-Aug-09,4-Aug-09,ARV,Adult,SCMS from RDC,"Lamivudine/Nevirapine/Zidovudine 150/200/300mg, tablets, 60 Tabs",Lamivudine/Nevirapine/Zidovudine,Generic,150/300/200mg,Tablet - FDC,60,4314,49179.6,11.4,0.19,"Aurobindo Unit III, India",Yes,486,7445.8,96.39
76712,114-UG-T30,FPQ-4276,SCMS-55240,ASN-5607,Uganda,PMO - US,Direct Drop,FCA,Air,9/22/09,11/3/09,19-Dec-09,19-Dec-09,19-Dec-09,ARV,Adult,ABBVIE LOGISTICS (FORMERLY ABBOTT LOGISTICS BV),"Lopinavir/Ritonavir 200/50mg [Aluvia], tablets, 120 Tabs",Lopinavir/Ritonavir,Aluvia,200/50mg,Tablet,120,110,3977.6,36.16,0.3,ABBVIE Ludwigshafen Germany,Yes,33,995.22,7.8
52736,105-GH-T30,FPQ-13872,SCMS-235800,ASN-26460,Ghana,PMO - US,Direct Drop,EXW,Air,3/24/14,4/23/14,17-Jul-14,17-Jul-14,17-Jul-14,ARV,Adult,STRIDES ARCOLAB LIMITED,"Efavirenz 600mg, tablets, 30 Tabs",Efavirenz,Generic,600mg,Tablet,30,47716,152214.04,3.19,0.11,"Strides, Bangalore, India.",Yes,3077,22734.92,156.48
85142,102-UG-T30,FPQ-6202,SO-37250,DN-1997,Uganda,PMO - US,From RDC,N/A - From RDC,Air,8/6/10,N/A - From RDC,29-Oct-10,27-Sep-10,27-Sep-10,ARV,Adult,SCMS from RDC,"Lamivudine/Zidovudine 150/300mg, tablets, 60 Tabs",Lamivudine/Zidovudine,Generic,150/300mg,Tablet - FDC,60,4399,37611.45,8.55,0.14,Mylan (formerly Matrix) Nashik,No,See DN-1997 (ID#:82914),See DN-1997 (ID#:82914),81.09
85975,111-MZ-T30,FPQ-11033,SO-43810,DN-3213,Mozambique,PMO - US,From RDC,N/A - From RDC,Truck,11/12/12,N/A - From RDC,31-Jul-13,26-Jul-13,26-Jul-13,ARV,Adult,SCMS from RDC,"Zidovudine 300mg, tablets, 60 Tabs",Zidovudine,Generic,300mg,Tablet,60,5320,34101.2,6.41,0.11,"Aurobindo Unit III, India",Yes,273,5496.08,42.18
32306,108-VN-T30,FPQ-15040,SCMS-263660,ASN-30941,Vietnam,PMO - US,Direct Drop,EXW,Air,10/30/14,12/8/14,31-Mar-15,31-Mar-15,1-Apr-15,ARV,Adult,HETERO LABS LIMITED,"Efavirenz 600mg, tablets, 30 Tabs",Efavirenz,Generic,600mg,Tablet,30,2800,9800.0,3.5,0.12,Hetero Unit III Hyderabad IN,Yes,953,1593.67,10.07
86676,111-MZ-T30,FPQ-12416,SO-48180,DN-3644,Mozambique,PMO - US,From RDC,N/A - From RDC,Truck,6/28/13,N/A - From RDC,2-Jun-14,3-Jun-14,11-Jun-14,ARV,Adult,SCMS from RDC,"Abacavir 300mg, tablets, 60 Tabs",Abacavir,Generic,300mg,Tablet,60,405,4548.15,11.23,0.19,Mylan (formerly Matrix) Nashik,Yes,39,3590,5.63
54956,116-ZA-T30,FPQ-5535,SCMS-71370,ASN-7373,South Africa,PMO - US,Direct Drop,DDP,Truck,4/19/10,4/21/10,31-May-10,31-May-10,31-May-10,ARV,Adult,S. BUYS WHOLESALER,"Nevirapine 200mg, tablets, 60 Tabs",Nevirapine,Generic,200mg,Tablet,60,450,10244.69,22.77,0.38,"Cipla, Goa, India",No,Weight Captured Separately,Freight Included in Commodity Cost,22.09
72088,116-ZA-T30,FPQ-12522,SCMS-199280,ASN-24433,South Africa,PMO - US,Direct Drop,DDP,Truck,7/11/13,8/13/13,7-Feb-14,7-Feb-14,7-Feb-14,ARV,Adult,S. BUYS WHOLESALER,"Zidovudine 300mg, tablets, 60 Tabs",Zidovudine,Generic,300mg,Tablet,60,12,325.33,27.11,0.45,Mylan (formerly Matrix) Nashik,No,Weight Captured Separately,Freight Included in Commodity Cost,0.4
84007,106-HT-T30,FPQ-4384,SO-34640,DN-1842,Haiti,PMO - US,From RDC,N/A - From RDC,Air,10/23/09,N/A - From RDC,2-Jun-10,9-Jun-10,9-Jun-10,ARV,Pediatric,SCMS from RDC,"Lamivudine 10mg/ml, oral solution, Bottle, 240 ml",Lamivudine,Generic,10mg/ml,Oral solution,240,3168,6336.0,2.0,0.01,"Cipla, Goa, India",Yes,1765,18473.1,13.66
58393,900-LR-T30,FPQ-7996,SCMS-115330,ASN-11632,Liberia,PMO - US,Direct Drop,EXW,Air,7/12/11,7/20/11,15-Aug-11,15-Aug-11,15-Aug-11,HRDT,HIV test,"Standard Diagnostics, Inc.","HIV 1/2, Bioline 3.0 Kit, Lancets, Capillary pipets, Alcohol swabs included, 25 Tests","HIV 1/2, Bioline 3.0 Kit, Lancets, Capillary pipets, Alcohol swabs included",Bioline,,Test kit,25,100,2000.0,20.0,0.8,"Standard Diagnostics, Korea",Yes,34,871.3,3.3
63608,103-KE-T30,FPQ-9856,SCMS-149170,ASN-15733,Kenya,PMO - US,Direct Drop,EXW,Air,5/24/12,6/13/12,5-Sep-12,5-Sep-12,5-Sep-12,HRDT,HIV test,"Trinity Biotech, Plc","HIV 1/2, Uni-Gold HIV Kit, 20 Tests","HIV 1/2, Uni-Gold HIV Kit",Uni-Gold,,Test kit,20,20000,640000.0,32.0,1.6,"Trinity Biotech, Plc",Yes,6568,41300.11,897.28
20172,111-MZ-T30,FPQ-10880,SCMS-164000,ASN-18532,Mozambique,PMO - US,Direct Drop,EXW,Air,10/18/12,11/6/12,20-Mar-13,21-Mar-13,21-Mar-13,HRDT,HIV test,"Orgenics, Ltd","HIV 1/2, Determine Complete HIV Kit, 100 Tests","HIV 1/2, Determine Complete HIV Kit",Determine,,Test kit,100,2939,235120.0,80.0,0.8,"Alere Medical Co., Ltd.",Yes,1330,13801.89,290.84
1942,133-NG-T01,Pre-PQ Process,SCMS-27070,ASN-2352,Nigeria,PMO - US,Direct Drop,EXW,Air,Pre-PQ Process,8/21/08,12-Sep-08,12-Sep-08,12-Sep-08,HRDT,HIV test,"Orgenics, Ltd","HIV 1/2, Determine HIV Kit, without Lancets, 100 Tests","HIV 1/2, Determine HIV Kit, without Lancets",Determine,,Test kit,100,6875,549931.25,79.99,0.8,Inverness Japan,Yes,1566,19992.75,879.89
50876,107-RW-T30,FPQ-10223,SCMS-152980,ASN-16610,Rwanda,PMO - US,Direct Drop,EXW,Ocean,7/5/12,7/16/12,11-Jan-13,11-Jan-13,11-Jan-13,ARV,Adult,HETERO LABS LIMITED,"Lamivudine/Nevirapine/Stavudine 150/200/30mg, tablets, 60 Tabs",Lamivudine/Nevirapine/Stavudine,Generic,150/200/30mg,Tablet - FDC,60,63410,278369.9,4.39,0.07,Hetero Unit III Hyderabad IN,Yes,6589,17075.43,390.27
83097,104-CI-T30,FPQ-10405,SO-42980,DN-2958,Côte d'Ivoire,PMO - US,From RDC,N/A - From RDC,Truck,7/24/12,N/A - From RDC,1-Feb-13,14-Jan-13,14-Jan-13,ARV,Pediatric,SCMS from RDC,"Lamivudine/Zidovudine 30/60mg, tablets, 60 Tabs",Lamivudine/Zidovudine,Generic,30/60mg,Tablet - FDC,60,3952,10907.52,2.76,0.05,"Aurobindo Unit III, India",Yes,2705,9879.25,15.29
41953,108-VN-T30,FPQ-7427,SCMS-105520,ASN-12083,Vietnam,PMO - US,Direct Drop,EXW,Air,3/31/11,4/14/11,19-Oct-11,19-Oct-11,19-Oct-11,ARV,Adult,HETERO LABS LIMITED,"Stavudine 30mg, capsules, 60 Caps",Stavudine,Generic,30mg,Capsule,60,40000,58000.0,1.45,0.02,Hetero Unit III Hyderabad IN,Yes,2343,12751.68,95.7
86046,104-CI-T30,FPQ-12800,SO-46422,DN-3546,Côte d'Ivoire,PMO - US,From RDC,N/A - From RDC,Air,8/9/13,N/A - From RDC,28-Feb-14,18-Feb-14,4-Mar-14,ARV,Adult,SCMS from RDC,"Lamivudine/Tenofovir Disoproxil Fumarate 300/300mg, tablets, 30 Tabs",Lamivudine/Tenofovir Disoproxil Fumarate,Generic,300/300mg,Tablet - FDC,30,22400,105280.0,4.7,0.16,"Cipla, Kurkumbh, India",No,See DN-3546 (ID#:82651),See DN-3546 (ID#:82651),130.23
86170,111-MZ-T30,FPQ-15195,SO-50121,DN-4153,Mozambique,PMO - US,From RDC,N/A - From RDC,Truck,10/17/14,N/A - From RDC,30-Jun-15,10-Apr-15,20-Apr-15,ARV,Adult,SCMS from RDC,"Nevirapine 200mg, tablets, 60 Tabs",Nevirapine,Generic,200mg,Tablet,60,1960,4272.8,2.18,0.04,Hetero Unit III Hyderabad IN,Yes,9674,7921,5.03
28825,107-RW-T30,FPQ-3859,SCMS-48851,ASN-4860,Rwanda,PMO - US,Direct Drop,CIP,Air,6/30/09,7/16/09,8-Sep-09,8-Sep-09,8-Sep-09,ARV,Adult,HETERO LABS LIMITED,"Nevirapine 200mg, tablets, 60 Tabs",Nevirapine,Generic,200mg,Tablet,60,12000,37080.0,3.09,0.05,Hetero Unit III Hyderabad IN,Yes,708,3891.2,72.68
85882,107-RW-T30,FPQ-10119,SO-42750,DN-2770,Rwanda,PMO - US,From RDC,N/A - From RDC,Air,6/18/12,N/A - From RDC,31-Aug-12,16-Aug-12,16-Aug-12,ARV,Adult,SCMS from RDC,"Zidovudine 300mg, tablets, 60 Tabs",Zidovudine,Generic,300mg,Tablet,60,90,608.4,6.76,0.11,Hetero Unit III Hyderabad IN,Yes,5,721.36,0.85
56940,114-UG-T30,FPQ-12477,SCMS-198530,ASN-22141,Uganda,PMO - US,Direct Drop,EXW,Air,7/8/13,7/31/13,30-Oct-13,30-Oct-13,30-Oct-13,ARV,Adult,CIPLA LIMITED,"Lamivudine/Tenofovir Disoproxil Fumarate 300/300mg, tablets, 30 Tabs",Lamivudine/Tenofovir Disoproxil Fumarate,Generic,300/300mg,Tablet - FDC,30,16716,76893.6,4.6,0.15,"Cipla, Kurkumbh, India",Yes,1874,7487.81,95.12
84118,104-CI-T30,FPQ-8295,SO-40770,DN-2405,Côte d'Ivoire,PMO - US,From RDC,N/A - From RDC,Truck,8/25/11,N/A - From RDC,11-Nov-11,31-Oct-11,31-Oct-11,ARV,Adult,SCMS from RDC,"Stavudine 15mg, capsules, 60 Caps",Stavudine,Generic,15mg,Capsule,60,1512,1995.84,1.32,0.02,"Aurobindo Unit III, India",Yes,360,3274.41,3.29
85095,151-NG-T30,FPQ-4537,SO-35067,DN-1685,Nigeria,PMO - US,From RDC,N/A - From RDC,Air Charter,11/6/09,N/A - From RDC,19-Apr-10,31-Mar-10,31-Mar-10,ARV,Adult,SCMS from RDC,"Lamivudine/Nevirapine/Zidovudine 150/200/300mg, tablets, 60 Tabs",Lamivudine/Nevirapine/Zidovudine,Generic,150/300/200mg,Tablet - FDC,60,10000,112200.0,11.22,0.19,"Aurobindo Unit III, India",Yes,1169,Freight Included in Commodity Cost,241.9
23791,116-ZA-T30,FPQ-13973,SCMS-238554,ASN-28626,South Africa,PMO - US,Direct Drop,DDP,Truck,4/30/14,10/3/14,3-Oct-14,3-Oct-14,3-Oct-14,ARV,Adult,PHARMACY DIRECT,"Raltegravir 400mg [Isentress], tablets, 60 Tabs",Raltegravir,Isentress,400mg,Tablet,60,6,507.86,84.64,1.41,"MSD, Haarlem, NL",Yes,Weight Captured Separately,Freight Included in Commodity Cost,0.52
35231,116-ZA-T30,FPQ-14942,SCMS-259075,ASN-32122,South Africa,PMO - US,Direct Drop,DDP,Truck,9/11/14,5/11/15,12-May-15,12-May-15,12-May-15,ARV,Adult,PHARMACY DIRECT,"Tenofovir Disoproxil Fumarate 300mg, tablets, 30 Tabs",Tenofovir Disoproxil Fumarate,Generic,300mg,Tablet,30,30,414.5,13.82,0.46,Mylan (formerly Matrix) Nashik,No,Weight Captured Separately,Freight Included in Commodity Cost,0.43
39226,116-ZA-T30,FPQ-14942,SCMS-259074,ASN-31070,South Africa,PMO - US,Direct Drop,DDP,Truck,9/11/14,3/9/15,9-Mar-15,9-Mar-15,9-Mar-15,ARV,Adult,PHARMACY DIRECT,"Abacavir 300mg, tablets, 60 Tabs",Abacavir,Generic,300mg,Tablet,60,5,249.26,49.85,0.83,"Aurobindo Unit III, India",No,Weight Captured Separately,Freight Included in Commodity Cost,0.26
83986,104-CI-T30,FPQ-4378,SO-34414,DN-1676,Côte d'Ivoire,PMO - US,From RDC,N/A - From RDC,Air,10/15/09,N/A - From RDC,9-Mar-10,10-Mar-10,10-Mar-10,ARV,Pediatric,SCMS from RDC,"Efavirenz 200mg, capsule, 90 Caps",Efavirenz,Generic,200mg,Capsule,90,769,7743.83,10.07,0.11,"Aurobindo Unit III, India",Yes,93,4519.96,15.18
48214,116-ZA-T30,FPQ-14942,SCMS-259074,ASN-31070,South Africa,PMO - US,Direct Drop,DDP,Truck,9/11/14,3/9/15,9-Mar-15,9-Mar-15,9-Mar-15,ARV,Adult,PHARMACY DIRECT,"Nevirapine 200mg, tablets, 60 Tabs",Nevirapine,Generic,200mg,Tablet,60,19,243.66,12.82,0.21,"Aurobindo Unit III, India",No,Weight Captured Separately,Freight Included in Commodity Cost,0.25
79841,107-RW-T30,FPQ-8741,SCMS-129510,ASN-15328,Rwanda,PMO - US,Direct Drop,CIP,Air,11/30/11,3/9/12,28-Jun-12,28-Jun-12,28-Jun-12,ARV,Pediatric,CIPLA LIMITED,"Lamivudine 10mg/ml, oral solution, Bottle, 240 ml",Lamivudine,Generic,10mg/ml,Oral solution,240,7420,14469.0,1.95,0.01,"Cipla, Goa, India",No,See ASN-15328 (ID#:46005),See ASN-15328 (ID#:46005),20.29
22616,161-ZA-T30,FPQ-7175,SCMS-123590,ASN-13054,South Africa,PMO - US,Direct Drop,DDP,Ocean,3/10/11,9/30/11,16-Jan-12,16-Jan-12,16-Jan-12,ARV,Adult,Aurobindo Pharma Limited,"Efavirenz 600mg, tablets, 30 Tabs",Efavirenz,Generic,600mg,Tablet,30,128620,547921.2,4.26,0.14,"Aurobindo Unit III, India",Yes,10643,7292.26,904.07
11019,117-ET-T01,Pre-PQ Process,SO-22010,DN-1061,Ethiopia,PMO - US,From RDC,N/A - From RDC,Air,Pre-PQ Process,N/A - From RDC,29-Jan-09,29-Jan-09,29-Jan-09,ARV,Adult,SCMS from RDC,"Tenofovir Disoproxil Fumarate 300mg [Viread], tablets, 30 Tabs",Tenofovir Disoproxil Fumarate,Viread,300mg,Tablet,30,3068,52156.0,17.0,0.57,"Aspen-OSD, Port Elizabeth, SA",Yes,2002,10460.94,102.23
83227,109-TZ-T30,FPQ-13042,SO-46670,DN-3592,Tanzania,PMO - US,From RDC,N/A - From RDC,Truck,10/1/13,N/A - From RDC,8-Apr-14,8-Apr-14,14-Apr-14,ARV,Pediatric,SCMS from RDC,"Lamivudine/Nevirapine/Zidovudine 30/50/60mg, dispersible tablets, 60 Tabs",Lamivudine/Nevirapine/Zidovudine,Generic,30/50/60mg,Chewable/dispersible tablet - FDC,60,102980,386175.0,3.75,0.06,Mylan (formerly Matrix) Nashik,Yes,5687,6010.2,477.7
65280,116-ZA-T30,FPQ-12522,SCMS-199289,ASN-28036,South Africa,PMO - US,Direct Drop,DDP,Truck,7/11/13,8/29/14,29-Aug-14,29-Aug-14,29-Aug-14,ARV,Adult,S. BUYS WHOLESALER,"Lamivudine 150mg, tablets, 60 Tabs",Lamivudine,Generic,150mg,Tablet,60,783,7639.77,9.76,0.16,Hetero Unit III Hyderabad IN,No,Weight Captured Separately,Freight Included in Commodity Cost,9.45
19873,116-ZA-T30,FPQ-14942,SCMS-259078,ASN-33470,South Africa,PMO - US,Direct Drop,DDP,Truck,9/11/14,10/9/14,24-Jul-15,24-Jul-15,24-Jul-15,ARV,Adult,PHARMACY DIRECT,"Nevirapine 200mg, tablets, 60 Tabs",Nevirapine,Generic,200mg,Tablet,60,23,315.96,13.74,0.23,"Aurobindo Unit III, India",No,Weight Captured Separately,Freight Included in Commodity Cost,0.32
72597,116-ZA-T30,FPQ-14942,SCMS-259072,ASN-30377,South Africa,PMO - US,Direct Drop,DDP,Truck,9/11/14,1/26/15,26-Jan-15,26-Jan-15,26-Jan-15,ARV,Adult,PHARMACY DIRECT,"Nevirapine 200mg, tablets, 60 Tabs",Nevirapine,Generic,200mg,Tablet,60,22,282.13,12.82,0.21,"Aurobindo Unit III, India",No,Weight Captured Separately,Freight Included in Commodity Cost,0.29
86531,111-MZ-T30,FPQ-10210,SO-42830,DN-2939,Mozambique,PMO - US,From RDC,N/A - From RDC,Truck,6/28/12,N/A - From RDC,11-Jan-13,11-Jan-13,11-Jan-13,ARV,Adult,SCMS from RDC,"Efavirenz 600mg, tablets, 30 Tabs",Efavirenz,Generic,600mg,Tablet,30,1928,7345.68,3.81,0.13,Mylan (formerly Matrix) Nashik,No,See DN-2939 (ID#:82528),See DN-2939 (ID#:82528),10.3
11798,110-ZM-T01,Pre-PQ Process,SO-976,DN-384,Zambia,PMO - US,From RDC,N/A - From RDC,,Pre-PQ Process,N/A - From RDC,29-Oct-07,29-Oct-07,29-Oct-07,ARV,Adult,SCMS from RDC,"Abacavir 300mg, tablets, 60 Tabs",Abacavir,Generic,300mg,Tablet,60,2489,68522.17,27.53,0.46,"Cipla, Patalganga, India",No,See DN-384 (ID#:10901),See DN-384 (ID#:10901),109.64
55737,109-TZ-T30,FPQ-5900,SCMS-76980,ASN-7443,Tanzania,PMO - US,Direct Drop,EXW,Air,6/21/10,6/24/10,7-Aug-10,7-Aug-10,7-Aug-10,ARV,Adult,Aurobindo Pharma Limited,"Nevirapine 200mg, tablets, 60 Tabs",Nevirapine,Generic,200mg,Tablet,60,28755,74763.0,2.6,0.04,"Aurobindo Unit III, India",Yes,3392,20294.85,161.19
21091,106-HT-T30,FPQ-9635,SCMS-148440,ASN-15571,Haiti,PMO - US,Direct Drop,EXW,Ocean,5/14/12,6/28/12,22-Oct-12,22-Oct-12,22-Oct-12,ARV,Pediatric,MYLAN LABORATORIES LTD (FORMERLY MATRIX LABORATORIES),"Lamivudine/Nevirapine/Zidovudine 30/50/60mg, dispersible tablets, 60 Tabs",Lamivudine/Nevirapine/Zidovudine,Generic,30/50/60mg,Chewable/dispersible tablet - FDC,60,5324,22094.6,4.15,0.07,Mylan (formerly Matrix) Nashik,Yes,4654,8538.03,30.98
10540,100-CI-T01,Pre-PQ Process,SO-283,DN-16,Côte d'Ivoire,PMO - US,From RDC,N/A - From RDC,,Pre-PQ Process,N/A - From RDC,22-Feb-07,22-Feb-07,22-Feb-07,ARV,Adult,SCMS from RDC,"Lamivudine/Zidovudine 150/300mg, tablets, 60 Tabs",Lamivudine/Zidovudine,Generic,150/300mg,Tablet - FDC,60,2230,22857.5,10.25,0.17,"Aurobindo Unit III, India",Yes,909,2804,
84212,114-UG-T30,FPQ-10780,SO-43470,DN-2971,Uganda,PMO - US,From RDC,N/A - From RDC,Air,10/10/12,N/A - From RDC,31-Jan-13,1-Feb-13,1-Feb-13,ARV,Adult,SCMS from RDC,"Nevirapine 200mg, tablets, 60 Tabs",Nevirapine,Generic,200mg,Tablet,60,4535,10974.7,2.42,0.04,"Aurobindo Unit III, India",Yes,491,4002.01,15.39
44363,103-DO-T30,FPQ-11964,SCMS-202650,ASN-21798,Dominican Republic,PMO - US,Direct Drop,EXW,Air,4/10/13,8/12/13,4-Oct-13,4-Oct-13,18-Oct-13,ARV,Adult,EMCURE PHARMACEUTICALS LTD,"Atazanavir 300mg, capsules, 30 Caps",Atazanavir,Generic,300mg,Capsule,30,1902,38040.0,20.0,0.67,"Emcure Plot No.P-2, I.T-B.T. Park, Phase II, MIDC, Hinjwadi, Pune, India",Yes,170,1965.62,47.06
84103,104-CI-T30,FPQ-6891,SO-38571,DN-2296,Côte d'Ivoire,PMO - US,From RDC,N/A - From RDC,Air,12/21/10,N/A - From RDC,22-Jul-11,22-Jul-11,22-Jul-11,ARV,Adult,SCMS from RDC,"Abacavir/Lamivudine 600/300mg, scored tablets, 30 Tabs",Abacavir/Lamivudine,Generic,600/300mg,Tablet - FDC,30,1571,35347.5,22.5,0.75,Mylan (formerly Matrix) Nashik,Yes,151,3545.1,58.32
66626,114-UG-T30,FPQ-14070,SCMS-237180,ASN-31555,Uganda,PMO - US,Direct Drop,EXW,Air,4/10/14,4/30/14,17-Apr-15,17-Apr-15,20-Apr-15,HRDT,HIV test,BIO-RAD LABORATORIES (FRANCE),"HIV 1/2, Genie III Kit, 50 Tests","HIV 1/2, Genie III Kit",Genie,,Test kit,50,30,2982.0,99.4,1.99,Bio-Rad Laboratories,Yes,17,660.77,3.07
83437,151-NG-T30,FPQ-5023,SO-36431,DN-1882,Nigeria,PMO - US,From RDC,N/A - From RDC,Air,2/10/10,N/A - From RDC,15-Jul-10,28-Jun-10,28-Jun-10,ARV,Adult,SCMS from RDC,"Lamivudine/Nevirapine/Zidovudine 150/200/300mg, tablets, 60 Tabs",Lamivudine/Nevirapine/Zidovudine,Generic,150/300/200mg,Tablet - FDC,60,10000,112200.0,11.22,0.19,"Aurobindo Unit III, India",Yes,1173,Freight Included in Commodity Cost,241.9
46590,108-VN-T30,FPQ-5094,SCMS-68580,ASN-7284,Vietnam,PMO - US,Direct Drop,EXW,Air,3/15/10,3/24/10,21-Jul-10,21-Jul-10,21-Jul-10,ARV,Adult,MYLAN LABORATORIES LTD (FORMERLY MATRIX LABORATORIES),"Efavirenz 600mg, tablets, 30 Tabs",Efavirenz,Generic,600mg,Tablet,30,63421,272710.3,4.3,0.14,Mylan (formerly Matrix) Nashik,Yes,5101,13241.08,587.96
7894,119-NA-T01,Pre-PQ Process,SCMS-47130,ASN-4416,Namibia,PMO - US,Direct Drop,EXW,Air,Pre-PQ Process,6/5/09,27-Jul-09,27-Jul-09,27-Jul-09,HRDT,HIV test,"Orgenics, Ltd","HIV 1/2, Determine HIV Kit, without Lancets, 100 Tests","HIV 1/2, Determine HIV Kit, without Lancets",Determine,,Test kit,100,24,1680.0,70.0,0.7,Inverness Japan,Yes,6,868.31,3.29
86171,110-ZM-T30,FPQ-14575,SO-49280,DN-4154,Zambia,PMO - US,From RDC,N/A - From RDC,Truck,7/11/14,N/A - From RDC,27-Feb-15,25-Mar-15,26-Mar-15,ARV,Adult,SCMS from RDC,"Nevirapine 200mg, tablets, 60 Tabs",Nevirapine,Generic,200mg,Tablet,60,198040,431727.2,2.18,0.04,Hetero Unit III Hyderabad IN,No,See DN-4154 (ID#:84454),See DN-4154 (ID#:84454),443.82
4818,117-ET-T01,Pre-PQ Process,SCMS-34310,ASN-3234,Ethiopia,PMO - US,Direct Drop,EXW,Air,Pre-PQ Process,11/24/08,27-Jan-09,27-Jan-09,27-Jan-09,HRDT,HIV test - Ancillary,"Orgenics, Ltd","Capillary Tubes, for Determine, EDTA, 50uL,100 Pcs","HIV, Capillary Tubes, for Determine, EDTA, 50uL,100 Pcs",Determine,,Test kit - Ancillary,100,10000,80000.0,8.0,0.08,Inverness Japan,Yes,400,4856.14,156.8
58677,101-CD-T30,FPQ-14100,SCMS-239410,ASN-26738,"Congo, DRC",PMO - US,Direct Drop,EXW,Air,4/23/14,5/20/14,5-Sep-14,5-Sep-14,16-Sep-14,HRDT,HIV test,"Trinity Biotech, Plc","HIV 1/2, Uni-Gold HIV Kit, 20 Tests","HIV 1/2, Uni-Gold HIV Kit",Uni-Gold,,Test kit,20,7,224.0,32.0,1.6,"Trinity Biotech, Plc",No,See ASN-26738 (ID#:15115),See ASN-26738 (ID#:15115),0.23
50723,119-NA-T30,FPQ-7007,SCMS-98330,ASN-9834,Namibia,PMO - US,Direct Drop,EXW,Air,1/13/11,2/2/11,15-Mar-11,15-Mar-11,15-Mar-11,HRDT,HIV test,"Trinity Biotech, Plc","HIV 1/2, Uni-Gold HIV Kit, 20 Tests","HIV 1/2, Uni-Gold HIV Kit",Uni-Gold,,Test kit,20,520,16640.0,32.0,1.6,"Trinity Biotech, Plc",Yes,177,3496.34,27.46
11240,112-NG-T01,Pre-PQ Process,SO-2726,DN-800,Nigeria,PMO - US,From RDC,N/A - From RDC,Air,Pre-PQ Process,N/A - From RDC,19-Jun-08,19-Jun-08,19-Jun-08,ARV,Adult,SCMS from RDC,"Abacavir 300mg, tablets, 60 Tabs",Abacavir,Generic,300mg,Tablet,60,4,105.2,26.3,0.44,Mylan (formerly Matrix) Nashik,No,See DN-800 (ID#:10953),See DN-800 (ID#:10953),0.17
86070,105-GY-T30,FPQ-13567,SO-47730,DN-3626,Guyana,PMO - US,From RDC,N/A - From RDC,Air,1/16/14,N/A - From RDC,30-Jun-14,14-Apr-14,6-Jun-14,ARV,Adult,SCMS from RDC,"Abacavir 300mg, tablets, 60 Tabs",Abacavir,Generic,300mg,Tablet,60,70,795.2,11.36,0.19,"Aurobindo Unit III, India",No,See DN-3626 (ID#:83781),See DN-3626 (ID#:83781),0.82
34140,109-TZ-T30,FPQ-16453,SCMS-293550,ASN-33357,Tanzania,PMO - US,Direct Drop,EXW,Air,6/8/15,6/25/15,24-Aug-15,24-Aug-15,28-Aug-15,HRDT,HIV test,"Orgenics, Ltd","HIV 1/2, Determine Complete HIV Kit, 100 Tests","HIV 1/2, Determine Complete HIV Kit",Determine,,Test kit,100,1900,152000.0,80.0,0.8,"Alere Medical Co., Ltd.",Yes,Weight Captured Separately,Invoiced Separately,178.9
82312,114-UG-T30,FPQ-5239,SO-36160,DN-1761,Uganda,PMO - US,From RDC,N/A - From RDC,Air,3/2/10,N/A - From RDC,23-Jun-10,8-Apr-10,8-Apr-10,ARV,Adult,SCMS from RDC,"Lamivudine/Stavudine 150/30mg, tablets, 60 Tabs",Lamivudine/Stavudine,Generic,150/30mg,Tablet - FDC,60,140,476.0,3.4,0.06,"Cipla, Goa, India",Yes,17,1073.46,1.03
84355,111-MZ-T30,FPQ-13123,SO-47084,DN-3627,Mozambique,PMO - US,From RDC,N/A - From RDC,Truck,10/21/13,N/A - From RDC,3-Jun-14,3-Jun-14,11-Jun-14,ARV,Adult,SCMS from RDC,"Lamivudine/Nevirapine/Zidovudine 150/200/300mg, tablets, 60 Tabs",Lamivudine/Nevirapine/Zidovudine,Generic,150/300/200mg,Tablet - FDC,60,100000,811000.0,8.11,0.14,Hetero Unit III Hyderabad IN,No,See DN-3627 (ID#:83782),See DN-3627 (ID#:83782),833.71
28838,161-ZA-T30,FPQ-5648,SCMS-75560,ASN-8147,South Africa,PMO - US,Direct Drop,DDP,Ocean,6/2/10,6/17/10,4-Nov-10,4-Nov-10,4-Nov-10,ARV,Adult,STRIDES ARCOLAB LIMITED,"Lamivudine 150mg, tablets, 60 Tabs",Lamivudine,Generic,150mg,Tablet,60,150000,373500.0,2.49,0.04,"Strides, Bangalore, India.",Yes,7670,8256.97,805.27
84550,110-ZM-T30,FPQ-4273,SO-33720,DN-1775,Zambia,PMO - US,From RDC,N/A - From RDC,Truck,9/17/09,N/A - From RDC,30-Apr-10,16-Apr-10,16-Apr-10,ARV,Adult,SCMS from RDC,"Abacavir 300mg, tablets, 60 Tabs",Abacavir,Generic,300mg,Tablet,60,2600,54574.0,20.99,0.35,Mylan (formerly Matrix) Nashik,Yes,8819,8022.59,106.97
85733,104-CI-T30,FPQ-5925,SO-37130,DN-2095,Côte d'Ivoire,PMO - US,From RDC,N/A - From RDC,Air,6/23/10,N/A - From RDC,22-Feb-11,22-Feb-11,22-Feb-11,ARV,Adult,SCMS from RDC,"Lamivudine/Stavudine 150/30mg, tablets, 60 Tabs",Lamivudine/Stavudine,Generic,150/30mg,Tablet - FDC,60,33998,111513.44,3.28,0.05,Mylan (formerly Matrix) Nashik,Yes,7275,8758.36,240.42
1162,104-CI-T01,Pre-PQ Process,SCMS-44130,ASN-4791,Côte d'Ivoire,PMO - US,Direct Drop,EXW,Air,Pre-PQ Process,4/15/09,15-Sep-09,15-Sep-09,15-Sep-09,HRDT,HIV test,BIO-RAD LABORATORIES (FRANCE),"#108853** HIV, Genie II HIV-1/HIV-2 Kit, 40 Tests","HIV, Genie II HIV-1/HIV-2 Kit",Genie,,Test kit,40,1000,110000.0,110.0,2.75,Bio-Rad Laboratories,Yes,1101,8074.03,215.6
31041,116-ZA-T30,FPQ-3560,SCMS-50950,ASN-5006,South Africa,PMO - US,Direct Drop,DDP,Truck,5/7/09,8/3/09,3-Sep-09,3-Sep-09,3-Sep-09,ARV,Adult,S. BUYS WHOLESALER,"Tenofovir Disoproxil Fumarate 300mg [Viread], tablets, 30 Tabs",Tenofovir Disoproxil Fumarate,Viread,300mg,Tablet,30,3700,98942.55,26.74,0.89,"Aspen-OSD, Port Elizabeth, SA",No,Weight Captured Separately,Freight Included in Commodity Cost,193.93
82365,117-ET-T30,FPQ-6980,SO-38290,DN-2088,Ethiopia,PMO - US,From RDC,N/A - From RDC,Air,1/4/11,N/A - From RDC,21-Jan-11,12-Jan-11,12-Jan-11,ARV,Pediatric,SCMS from RDC,"Zidovudine 10mg/ml, oral solution, Bottle, 240 ml",Zidovudine,Generic,10mg/ml,Oral solution,240,3000,6060.0,2.02,0.01,"Aurobindo Unit III, India",Yes,1190,6770.6,10.0
10780,110-ZM-T01,Pre-PQ Process,SO-31940,DN-1301,Zambia,PMO - US,From RDC,N/A - From RDC,Air,Pre-PQ Process,N/A - From RDC,24-Jun-09,24-Jun-09,24-Jun-09,ARV,Pediatric,SCMS from RDC,"Efavirenz 200mg, capsule, 90 Caps",Efavirenz,Generic,200mg,Capsule,90,1093,16679.18,15.26,0.17,"Aurobindo Unit III, India",Yes,133,1759.21,32.69
12871,104-CI-T01,Pre-PQ Process,SO-27020,DN-1160,Côte d'Ivoire,PMO - US,From RDC,N/A - From RDC,Air,Pre-PQ Process,N/A - From RDC,20-Mar-09,20-Mar-09,20-Mar-09,ARV,Adult,SCMS from RDC,"Lamivudine 150mg, tablets, 60 Tabs",Lamivudine,Generic,150mg,Tablet,60,10000,30400.0,3.04,0.05,"Ranbaxy, Paonta Shahib, India",Yes,Weight Captured Separately,Invoiced Separately,59.58
84426,107-RW-T30,FPQ-14811,SO-49941,DN-4011,Rwanda,PMO - US,From RDC,N/A - From RDC,Truck,10/15/14,N/A - From RDC,14-Jan-15,13-Nov-14,14-Nov-14,ARV,Pediatric,SCMS from RDC,"Lamivudine/Zidovudine 30/60mg, dispersible tablets, 60 Tabs",Lamivudine/Zidovudine,Generic,30/60mg,Chewable/dispersible tablet - FDC,60,1766,3514.34,1.99,0.03,"Cipla, Goa, India",Yes,152,1330.99,3.61
48517,100-ZW-T30,FPQ-5018,SCMS-65350,ASN-6754,Zimbabwe,PMO - US,Direct Drop,EXW,Air,2/2/10,2/17/10,20-May-10,20-May-10,20-May-10,HRDT,HIV test,"Orgenics, Ltd","HIV 1/2, Determine Complete HIV Kit, 100 Tests","HIV 1/2, Determine Complete HIV Kit",Determine,,Test kit,100,1845,132840.0,72.0,0.72,Inverness Japan,Yes,1000,18841.09,286.4
6402,116-ZA-T01,Pre-PQ Process,SCMS-41160,ASN-3760,South Africa,PMO - US,Direct Drop,DDP,Air,Pre-PQ Process,Date Not Captured,1-Apr-09,26-Nov-08,26-Nov-08,ARV,Pediatric,S. BUYS WHOLESALER,"Lamivudine 10mg/ml [Epivir], oral solution, Bottle, 240 ml",Lamivudine,Epivir,10mg/ml,Oral solution,240,156,845.52,5.42,0.02,GSK Mississauga (Canada),No,See ASN-3760 (ID#:5049),See ASN-3760 (ID#:5049),1.66
12904,106-HT-T01,Pre-PQ Process,SO-32730,DN-1374,Haiti,PMO - US,From RDC,N/A - From RDC,Air,Date Not Captured,N/A - From RDC,31-Jul-09,31-Jul-09,31-Jul-09,ARV,Adult,SCMS from RDC,"Stavudine 20mg, capsules, 60 Caps",Stavudine,Generic,20mg,Capsule,60,108,189.0,1.75,0.03,"Aurobindo Unit III, India",No,See DN-1374 (ID#:11999),See DN-1374 (ID#:11999),0.37
1820,106-HT-T01,Pre-PQ Process,SCMS-23980,ASN-2640,Haiti,PMO - US,Direct Drop,EXW,Air,Pre-PQ Process,5/23/08,27-Oct-08,27-Oct-08,27-Oct-08,HRDT,HIV test,"Orgenics, Ltd","HIV 1/2, Determine HIV Kit, without Lancets, 100 Tests","HIV 1/2, Determine HIV Kit, without Lancets",Determine,,Test kit,100,1123,78610.0,70.0,0.7,Inverness Japan,Yes,257,2851.72,154.08
10685,117-ET-T01,Pre-PQ Process,SO-1949,DN-668,Ethiopia,PMO - US,From RDC,N/A - From RDC,,Pre-PQ Process,N/A - From RDC,25-Mar-08,25-Mar-08,25-Mar-08,ARV,Adult,SCMS from RDC,"Stavudine 30mg, capsules, 60 Caps",Stavudine,Generic,30mg,Capsule,60,51293,77965.36,1.52,0.03,"Aurobindo Unit III, India",Yes,3371,11862.2,124.74
12349,100-CI-T01,Pre-PQ Process,SO-434,DN-78,Côte d'Ivoire,PMO - US,From RDC,N/A - From RDC,,Pre-PQ Process,N/A - From RDC,30-Apr-07,30-Apr-07,30-Apr-07,ARV,Adult,SCMS from RDC,"Efavirenz 600mg, tablets, 30 Tabs",Efavirenz,Generic,600mg,Tablet,30,8148,132405.0,16.25,0.54,"Aurobindo Unit III, India",Yes,742,2658,
64545,133-NG-T30,FPQ-7193,SCMS-103110,ASN-11267,Nigeria,PMO - US,Direct Drop,EXW,Air,2/16/11,3/30/11,7-Jul-11,12-Jul-11,12-Jul-11,HRDT,HIV test,"Orgenics, Ltd","HIV 1/2, Determine Complete HIV Kit, 100 Tests","HIV 1/2, Determine Complete HIV Kit",Determine,,Test kit,100,2128,189392.0,89.0,0.89,Inverness Japan,Yes,1022,23826.25,312.5
84354,105-GY-T30,FPQ-13567,SO-47730,DN-3626,Guyana,PMO - US,From RDC,N/A - From RDC,Air,1/16/14,N/A - From RDC,30-Jun-14,14-Apr-14,6-Jun-14,ARV,Pediatric,SCMS from RDC,"Zidovudine 10mg/ml, oral solution w/syringe, Bottle, 240 ml",Zidovudine,Generic,10mg/ml,Oral solution,240,176,369.6,2.1,0.01,"Aurobindo Unit III, India",No,See DN-3626 (ID#:83781),See DN-3626 (ID#:83781),0.38
84997,104-CI-T30,FPQ-14370,SO-49051,DN-4017,Côte d'Ivoire,PMO - US,From RDC,N/A - From RDC,Truck,5/23/14,N/A - From RDC,28-Nov-14,2-Dec-14,8-Dec-14,ARV,Adult,SCMS from RDC,"Efavirenz 600mg, tablets, 30 Tabs",Efavirenz,Generic,600mg,Tablet,30,64445,206868.45,3.21,0.11,"Strides, Bangalore, India.",Yes,5678,20052.11,212.66
84079,106-HT-T30,FPQ-6484,SO-38080,DN-2176,Haiti,PMO - US,From RDC,N/A - From RDC,Air,10/13/10,N/A - From RDC,24-Mar-11,28-Apr-11,28-Apr-11,ARV,Adult,SCMS from RDC,"Lamivudine 150mg, tablets, 60 Tabs",Lamivudine,Generic,150mg,Tablet,60,2111,4918.63,2.33,0.04,"Aurobindo Unit III, India",Yes,101,1697.33,10.6
39833,108-VN-T30,FPQ-13524,SCMS-226260,ASN-26927,Vietnam,PMO - US,Direct Drop,EXW,Air,2/6/14,3/10/14,13-Aug-14,13-Aug-14,25-Aug-14,ARV,Adult,HETERO LABS LIMITED,"Efavirenz/Lamivudine/Tenofovir Disoproxil Fumarate 600/300/300mg, tablets, 30 Tabs",Efavirenz/Lamivudine/Tenofovir Disoproxil Fumarate,Generic,600/300/300mg,Tablet - FDC,30,720,7560.0,10.5,0.35,Hetero Unit III Hyderabad IN,No,See ASN-26927 (ID#:26612),See ASN-26927 (ID#:26612),7.77
71477,108-VN-T30,FPQ-14516,SCMS-249050,ASN-29372,Vietnam,PMO - US,Direct Drop,EXW,Air,7/9/14,8/11/14,17-Dec-14,17-Dec-14,17-Dec-14,ARV,Adult,HETERO LABS LIMITED,"Efavirenz/Lamivudine/Tenofovir Disoproxil Fumarate 600/300/300mg, tablets, 30 Tabs",Efavirenz/Lamivudine/Tenofovir Disoproxil Fumarate,Generic,600/300/300mg,Tablet - FDC,30,15840,166320.0,10.5,0.35,Hetero Unit III Hyderabad IN,Yes,2517,3789.5,170.98
12210,114-UG-T01,Pre-PQ Process,SO-2344,DN-818,Uganda,PMO - US,From RDC,N/A - From RDC,Air,Pre-PQ Process,N/A - From RDC,21-Aug-08,21-Aug-08,21-Aug-08,ARV,Adult,SCMS from RDC,"Efavirenz 600mg, tablets, 30 Tabs",Efavirenz,Generic,600mg,Tablet,30,1300,15613.0,12.01,0.4,"Aurobindo Unit III, India",No,See DN-818 (ID#:11270),See DN-818 (ID#:11270),24.98
82603,105-GY-T30,FPQ-12047,SO-45050,DN-3331,Guyana,PMO - US,From RDC,N/A - From RDC,Air,4/15/13,N/A - From RDC,30-Sep-13,4-Oct-13,22-Oct-13,ARV,Pediatric,SCMS from RDC,"Efavirenz 200mg, scored tablets, 90 Tabs",Efavirenz,Generic,200mg,Tablet,90,71,660.3,9.3,0.1,"Strides, Bangalore, India.",Yes,395,1303,0.82
31761,116-ZA-T30,FPQ-12522,SCMS-199283,ASN-27980,South Africa,PMO - US,Direct Drop,DDP,Truck,7/11/13,8/27/14,27-Aug-14,27-Aug-14,27-Aug-14,ARV,Adult,S. BUYS WHOLESALER,"Didanosine 250mg, delayed-release capsules, 30 Caps",Didanosine,Generic,250mg,Delayed-release capsules,30,6,102.14,17.02,0.57,"Aurobindo Unit III, India",No,Weight Captured Separately,Freight Included in Commodity Cost,0.13
38409,109-TZ-T30,FPQ-6936,SCMS-100640,ASN-10166,Tanzania,PMO - US,Direct Drop,EXW,Air,12/27/10,2/25/11,26-Apr-11,26-Apr-11,26-Apr-11,HRDT,HIV test,"Trinity Biotech, Plc","HIV 1/2, Uni-Gold HIV Kit, 20 Tests","HIV 1/2, Uni-Gold HIV Kit",Uni-Gold,,Test kit,20,625,20000.0,32.0,1.6,"Trinity Biotech, Plc",Yes,200,2918.12,33.0
33833,161-ZA-T30,FPQ-5379,SCMS-69550,ASN-8303,South Africa,PMO - US,Direct Drop,DDP,Air,3/24/10,3/25/10,1-Jul-10,1-Jul-10,1-Jul-10,ARV,Pediatric,ASPEN PHARMACARE,"Abacavir 20mg/ml [Ziagen], oral solution, Bottle, 240 ml",Abacavir,Ziagen,20mg/ml,Oral solution,240,80884,1219730.72,15.08,0.06,GSK Mississauga (Canada),Yes,Weight Captured Separately,Freight Included in Commodity Cost,2629.74
2654,106-HT-T01,Pre-PQ Process,SCMS-73,ASN-59,Haiti,PMO - US,Direct Drop,EXW,Air,Pre-PQ Process,Date Not Captured,9-Oct-06,9-Oct-06,9-Oct-06,HRDT,HIV test,"Trinity Biotech, Plc","HIV 1/2, Capillus HIV Kit, 100 Tests","HIV 1/2, Capillus HIV Kit",Capillus,,Test kit,100,45,7875.0,175.0,1.75,Not Applicable,Yes,29,854.34,
64438,108-VN-T30,FPQ-13976,SCMS-236090,ASN-28220,Vietnam,PMO - US,Direct Drop,FCA,Air,4/8/14,4/30/14,29-Oct-14,29-Oct-14,4-Nov-14,ARV,Adult,ABBVIE LOGISTICS (FORMERLY ABBOTT LOGISTICS BV),"Lopinavir/Ritonavir 200/50mg [Aluvia], tablets, 120 Tabs",Lopinavir/Ritonavir,Aluvia,200/50mg,Tablet,120,7000,425740.0,60.82,0.51,ABBVIE Ludwigshafen Germany,Yes,1714,4881.42,437.66
77464,108-VN-T30,FPQ-13524,SCMS-226220,ASN-26923,Vietnam,PMO - US,Direct Drop,EXW,Air,2/6/14,3/10/14,29-Jul-14,29-Jul-14,6-Aug-14,ARV,Adult,HETERO LABS LIMITED,"Efavirenz/Lamivudine/Tenofovir Disoproxil Fumarate 600/300/300mg, tablets, 30 Tabs",Efavirenz/Lamivudine/Tenofovir Disoproxil Fumarate,Generic,600/300/300mg,Tablet - FDC,30,7248,76104.0,10.5,0.35,Hetero Unit III Hyderabad IN,No,See ASN-26923 (ID#:13027),See ASN-26923 (ID#:13027),78.23
11660,104-CI-T01,Pre-PQ Process,SO-27540,DN-1315,Côte d'Ivoire,PMO - US,From RDC,N/A - From RDC,Air,Date Not Captured,N/A - From RDC,14-Jul-09,14-Jul-09,14-Jul-09,ARV,Adult,SCMS from RDC,"Nevirapine 200mg, tablets, 60 Tabs",Nevirapine,Generic,200mg,Tablet,60,13325,39975.0,3.0,0.05,"Aurobindo Unit III, India",No,See DN-1315 (ID#:10781),See DN-1315 (ID#:10781),78.35
73152,106-HT-T30,FPQ-15038,SCMS-263170,ASN-31572,Haiti,PMO - US,Direct Drop,EXW,Air,10/22/14,12/24/14,11-May-15,11-May-15,13-May-15,ARV,Adult,Aurobindo Pharma Limited,"Lamivudine/Zidovudine 150/300mg, tablets, 60 Tabs",Lamivudine/Zidovudine,Generic,150/300mg,Tablet - FDC,60,19987,135311.99,6.77,0.11,"Aurobindo Unit III, India",No,See ASN-31572 (ID#:24983),See ASN-31572 (ID#:24983),139.1
48516,106-HT-T30,FPQ-15038,SCMS-262950,ASN-30813,Haiti,PMO - US,Direct Drop,EXW,Air,10/22/14,12/24/14,30-Mar-15,30-Mar-15,31-Mar-15,ARV,Pediatric,Aurobindo Pharma Limited,"Zidovudine 100mg, capsules, 100 Caps",Zidovudine,Generic,100mg,Capsule,100,120,540.0,4.5,0.04,"Aurobindo Unit III, India",Yes,9,820.56,0.56
6846,116-ZA-T01,Pre-PQ Process,SCMS-14050,ASN-1251,South Africa,PMO - US,Direct Drop,DDP,,Pre-PQ Process,11/12/07,29-Jan-08,29-Jan-08,29-Jan-08,ARV,Adult,"JSI R&T INSTITUTE, INC.","Nevirapine 200mg [Viramune], tablets, 60 Tabs",Nevirapine,Viramune,200mg,Tablet,60,300,7272.0,24.24,0.4,"BI, Ingelheim, Germany",No,Weight Captured Separately,Freight Included in Commodity Cost,11.64
73348,103-ZW-T30,FPQ-15021,SCMS-261410,ASN-30816,Zimbabwe,PMO - US,Direct Drop,FCA,Air,10/15/14,10/30/14,28-Feb-15,28-Feb-15,28-Feb-15,ARV,Pediatric,ABBVIE LOGISTICS (FORMERLY ABBOTT LOGISTICS BV),"Lopinavir/Ritonavir 80/20mg/ml [Kaletra], oral solution, cool, Bottle 5 x 60 ml",Lopinavir/Ritonavir,Kaletra,80/20mg/ml,Oral solution,300,5362,165256.84,30.82,0.1,ABBVIE (Abbott) Logis. UK,Yes,5060,44952.61,169.88
82979,105-GY-T30,FPQ-8023,SO-40440,DN-2348,Guyana,PMO - US,From RDC,N/A - From RDC,Air,8/19/11,N/A - From RDC,18-Oct-11,3-Oct-11,3-Oct-11,ARV,Adult,SCMS from RDC,"Abacavir 300mg, tablets, 60 Tabs",Abacavir,Generic,300mg,Tablet,60,89,1302.07,14.63,0.24,Mylan (formerly Matrix) Nashik,No,See DN-2348 (ID#:82402),See DN-2348 (ID#:82402),2.15
86030,103-SS-T30,FPQ-13173,SO-47110,DN-3493,South Sudan,PMO - US,From RDC,N/A - From RDC,Air,10/28/13,N/A - From RDC,22-Jan-14,11-Feb-14,13-Feb-14,ARV,Adult,SCMS from RDC,"Efavirenz 600mg, tablets, 30 Tabs",Efavirenz,Generic,600mg,Tablet,30,2100,6993.0,3.33,0.11,"Strides, Bangalore, India.",No,See DN-3493 (ID#:84322),See DN-3493 (ID#:84322),7.19
12395,111-MZ-T01,Pre-PQ Process,SO-298,DN-304,Mozambique,PMO - US,From RDC,N/A - From RDC,Air,Pre-PQ Process,N/A - From RDC,21-Sep-07,21-Sep-07,21-Sep-07,ARV,Pediatric,SCMS from RDC,"Lamivudine 10mg/ml, oral solution, Bottle, 240 ml",Lamivudine,Generic,10mg/ml,Oral solution,240,2744,6695.36,2.44,0.01,"Cipla, Goa, India",No,See DN-304 (ID#:10589),See DN-304 (ID#:10589),10.71
14941,109-TZ-T30,FPQ-6203,SCMS-82750,ASN-8080,Tanzania,PMO - US,Direct Drop,EXW,Air,8/18/10,8/25/10,22-Oct-10,22-Oct-10,22-Oct-10,ARV,Adult,MYLAN LABORATORIES LTD (FORMERLY MATRIX LABORATORIES),"Efavirenz/Emtricitabine/Tenofovir Disoproxil Fumarate 600/200/300mg, tablets, 30 Tabs",Efavirenz/Emtricitabine/Tenofovir Disoproxil Fumarate,Generic,600/200/300mg,Tablet - FDC,30,9000,179100.0,19.9,0.66,Mylan (formerly Matrix) Nashik,Yes,1081,5834.1,386.14
61612,106-HT-T30,FPQ-14895,SCMS-261010,ASN-32057,Haiti,PMO - US,Direct Drop,EXW,Air,9/24/14,11/14/14,28-May-15,28-May-15,29-May-15,ARV,Adult,EMCURE PHARMACEUTICALS LTD,"Atazanavir/Ritonavir 300/100mg, tablets, 30 Tabs",Atazanavir/Ritonavir,Generic,300/100mg,Tablet,30,1000,18000.0,18.0,0.6,"Emcure Plot No.P-2, I.T-B.T. Park, Phase II, MIDC, Hinjwadi, Pune, India",Yes,132,1579.89,18.5
85738,104-CI-T30,FPQ-6499,SO-38500,DN-2110,Côte d'Ivoire,PMO - US,From RDC,N/A - From RDC,Air,10/4/10,N/A - From RDC,15-Feb-11,23-Feb-11,23-Feb-11,ARV,Adult,SCMS from RDC,"Efavirenz/Emtricitabine/Tenofovir Disoproxil Fumarate 600/200/300mg, tablets, 30 Tabs",Efavirenz/Emtricitabine/Tenofovir Disoproxil Fumarate,Generic,600/200/300mg,Tablet - FDC,30,4800,95616.0,19.92,0.66,Mylan (formerly Matrix) Nashik,Yes,532,7441.57,157.77
11617,114-UG-T01,Pre-PQ Process,SO-17870,DN-986,Uganda,PMO - US,From RDC,N/A - From RDC,Air,Pre-PQ Process,N/A - From RDC,9-Jan-09,9-Jan-09,9-Jan-09,ARV,Adult,SCMS from RDC,"Efavirenz 600mg, tablets, 30 Tabs",Efavirenz,Generic,600mg,Tablet,30,1444,15884.0,11.0,0.37,"Aurobindo Unit III, India",No,See DN-986 (ID#:10748),See DN-986 (ID#:10748),31.13
60316,106-HT-T30,FPQ-13797,SCMS-233960,ASN-27423,Haiti,PMO - US,Direct Drop,EXW,Air,3/20/14,5/1/14,12-Sep-14,12-Sep-14,17-Sep-14,ARV,Pediatric,CIPLA LIMITED,"Zidovudine 10mg/ml, oral solution, Bottle, 240 ml",Zidovudine,Generic,10mg/ml,Oral solution,240,864,1684.8,1.95,0.01,"Cipla, Goa, India",Yes,Weight Captured Separately,Invoiced Separately,1.73
12784,111-MZ-T01,Pre-PQ Process,SO-2670,DN-768,Mozambique,PMO - US,From RDC,N/A - From RDC,Truck,Pre-PQ Process,N/A - From RDC,18-Jul-08,18-Jul-08,18-Jul-08,ARV,Adult,SCMS from RDC,"Ritonavir 100mg [Norvir], capsules, cool, 84 Caps",Ritonavir,Norvir,100mg,Capsule,84,1358,13023.22,9.59,0.11,ABBVIE (Abbott) Logis. UK,Yes,387,2107.14,20.84
13205,104-CI-T30,FPQ-3885,SCMS-48630,ASN-4783,Côte d'Ivoire,PMO - US,Direct Drop,EXW,Air,6/19/09,7/9/09,15-Sep-09,15-Sep-09,15-Sep-09,HRDT,HIV test,"Orgenics, Ltd","HIV 1/2, Determine HIV Kit, without Lancets, 100 Tests","HIV 1/2, Determine HIV Kit, without Lancets",Determine,,Test kit,100,3500,245000.0,70.0,0.7,Inverness Japan,Yes,893,12858.12,480.2
86432,105-GY-T30,FPQ-8621,SO-41020,DN-2482,Guyana,PMO - US,From RDC,N/A - From RDC,Air,10/27/11,N/A - From RDC,27-Jan-12,18-Jan-12,18-Jan-12,ARV,Pediatric,SCMS from RDC,"Zidovudine 10mg/ml, oral solution w/syringe, Bottle, 240 ml",Zidovudine,Generic,10mg/ml,Oral solution,240,369,774.9,2.1,0.01,"Aurobindo Unit III, India",Yes,103,2270.54,1.09
12195,109-TZ-T01,Pre-PQ Process,SO-1652,DN-637,Tanzania,PMO - US,From RDC,N/A - From RDC,Air,Pre-PQ Process,N/A - From RDC,28-Mar-08,28-Mar-08,28-Mar-08,ARV,Adult,SCMS from RDC,"Efavirenz 600mg, tablets, 30 Tabs",Efavirenz,Generic,600mg,Tablet,30,17000,211140.0,12.42,0.41,"Aurobindo Unit III, India",Yes,6007,20395.6,337.82
13231,116-ZA-T30,FPQ-12522,SCMS-199283,ASN-27978,South Africa,PMO - US,Direct Drop,DDP,Truck,7/11/13,8/27/14,27-Aug-14,27-Aug-14,27-Aug-14,ARV,Adult,S. BUYS WHOLESALER,"Zidovudine 300mg, tablets, 60 Tabs",Zidovudine,Generic,300mg,Tablet,60,14,389.56,27.83,0.46,"Aurobindo Unit III, India",Yes,Weight Captured Separately,Freight Included in Commodity Cost,0.48
11596,109-TZ-T01,Pre-PQ Process,SO-1697,DN-893,Tanzania,PMO - US,From RDC,N/A - From RDC,,Pre-PQ Process,N/A - From RDC,15-Sep-08,15-Sep-08,15-Sep-08,ARV,Adult,SCMS from RDC,"Lamivudine/Zidovudine 150/300mg, tablets, 60 Tabs",Lamivudine/Zidovudine,Generic,150/300mg,Tablet - FDC,60,58086,551817.0,9.5,0.16,"Aurobindo Unit III, India",Yes,8343,9001.03,882.91
1359,108-VN-T01,Pre-PQ Process,SCMS-753,ASN-782,Vietnam,PMO - US,Direct Drop,EXW,Air,Pre-PQ Process,7/4/07,15-Oct-07,15-Oct-07,15-Oct-07,ARV,Adult,Aurobindo Pharma Limited,"Lamivudine/Nevirapine/Zidovudine 150/200/300mg, tablets, 60 Tabs",Lamivudine/Nevirapine/Zidovudine,Generic,150/300/200mg,Tablet - FDC,60,3000,40500.0,13.5,0.22,"Aurobindo Unit III, India",Yes,332,4454.62,64.8
83271,100-ZM-T30,FPQ-13679,SO-48011,DN-3862,Zambia,PMO - US,From RDC,N/A - From RDC,Truck,2/2/14,N/A - From RDC,6-Aug-14,6-Aug-14,22-Aug-14,ARV,Adult,SCMS from RDC,"Abacavir 300mg, tablets, 60 Tabs",Abacavir,Generic,300mg,Tablet,60,4636,52664.96,11.36,0.19,"Aurobindo Unit III, India",Yes,458,4130.15,54.14
2686,108-VN-T01,Pre-PQ Process,SCMS-168,ASN-276,Vietnam,PMO - US,Direct Drop,EXW,Air,Pre-PQ Process,11/14/06,14-Mar-07,14-Mar-07,14-Mar-07,ARV,Pediatric,Aurobindo Pharma Limited,"Zidovudine 10mg/ml, oral solution, Bottle, 240 ml",Zidovudine,Generic,10mg/ml,Oral solution,240,1000,5050.0,5.05,0.02,"Aurobindo Unit III, India",Yes,3822,25124.12,
36922,116-ZA-T30,FPQ-12522,SCMS-199289,ASN-28037,South Africa,PMO - US,Direct Drop,DDP,Truck,7/11/13,8/29/14,29-Aug-14,29-Aug-14,29-Aug-14,ARV,Adult,S. BUYS WHOLESALER,"Lopinavir/Ritonavir 200/50mg [Aluvia], tablets, 120 Tabs",Lopinavir/Ritonavir,Aluvia,200/50mg,Tablet,120,87,2241.1,25.76,0.21,ABBVIE Ludwigshafen Germany,No,Weight Captured Separately,Freight Included in Commodity Cost,2.77
26841,111-MZ-T30,FPQ-4740,SCMS-62330,ASN-6688,Mozambique,PMO - US,Direct Drop,CIP,Air,12/23/09,1/25/10,20-Apr-10,20-Apr-10,20-Apr-10,ARV,Adult,INTERNATIONAL HEALTHCARE DISTRIBUTORS,"Ritonavir 100mg [Norvir], capsules, cool, 84 Caps",Ritonavir,Norvir,100mg,Capsule,84,620,6417.0,10.35,0.12,ABBVIE (Abbott) Logis. UK,Yes,Weight Captured Separately,Freight Included in Commodity Cost,13.84
46206,116-ZA-T30,FPQ-4359,SCMS-54980,ASN-5372,South Africa,PMO - US,Direct Drop,DDP,Truck,10/8/09,10/15/09,21-Oct-09,21-Oct-09,21-Oct-09,ARV,Adult,S. BUYS WHOLESALER,"Lamivudine 150mg [Epivir], tablets, 60 Tabs",Lamivudine,Epivir,150mg,Tablet,60,2600,16744.82,6.44,0.11,GSK Cape Town Factory (South Africa),No,Weight Captured Separately,Freight Included in Commodity Cost,32.82
58064,108-VN-T30,FPQ-7898,SCMS-113700,ASN-12727,Vietnam,PMO - US,Direct Drop,FCA,Air,6/27/11,7/8/11,23-Nov-11,23-Nov-11,23-Nov-11,ARV,Adult,ABBVIE LOGISTICS (FORMERLY ABBOTT LOGISTICS BV),"Lopinavir/Ritonavir 200/50mg [Aluvia], tablets, 120 Tabs",Lopinavir/Ritonavir,Aluvia,200/50mg,Tablet,120,1435,117957.0,82.2,0.68,ABBVIE Ludwigshafen Germany,Yes,355,5101.21,194.63
19891,161-ZA-T30,FPQ-6262,SCMS-83890,ASN-9513,South Africa,PMO - US,Direct Drop,DDP,Ocean,8/31/10,9/21/10,24-Feb-11,24-Feb-11,24-Feb-11,ARV,Pediatric,CIPLA LIMITED,"Lamivudine 10mg/ml, oral solution w/syringe, Bottle, 240 ml",Lamivudine,Generic,10mg/ml,Oral solution,240,55000,114400.0,2.08,0.01,"Cipla, Goa, India",Yes,20419,17267.14,246.65
46372,116-ZA-T30,FPQ-5535,SCMS-71370,ASN-7373,South Africa,PMO - US,Direct Drop,DDP,Truck,4/19/10,4/21/10,31-May-10,31-May-10,31-May-10,ARV,Pediatric,S. BUYS WHOLESALER,"Nevirapine 10mg/ml [Viramune], oral suspension, Bottle, 240 ml",Nevirapine,Viramune,10mg/ml,Oral suspension,240,120,1897.36,15.81,0.07,Boehringer Ingelheim Roxane US,No,Weight Captured Separately,Freight Included in Commodity Cost,4.09
53852,116-ZA-T30,FPQ-11828,SCMS-183950,ASN-19166,South Africa,South Africa Field Office,Direct Drop,DDP,Truck,3/18/13,Date Not Captured,16-Apr-13,16-Apr-13,16-Apr-13,ARV,Pediatric,S. BUYS WHOLESALER,"Efavirenz 200mg, capsule, 90 Caps",Efavirenz,Generic,200mg,Capsule,90,545,13007.18,23.87,0.27,"Aurobindo Unit III, India",No,Weight Captured Separately,Freight Included in Commodity Cost,16.09
5507,116-ZA-T01,Pre-PQ Process,SCMS-14050,ASN-1251,South Africa,PMO - US,Direct Drop,DDP,,Pre-PQ Process,11/12/07,29-Jan-08,29-Jan-08,29-Jan-08,ARV,Adult,"JSI R&T INSTITUTE, INC.","Efavirenz 600mg [Stocrin/Sustiva], tablets, 30 Tabs",Efavirenz,Stocrin/Sustiva,600mg,Tablet,30,600,12996.0,21.66,0.72,"MSD Midrand, J'burg, SA",No,Weight Captured Separately,Freight Included in Commodity Cost,20.79
83827,103-SS-T30,FPQ-14409,SO-49120,DN-3842,South Sudan,PMO - US,From RDC,N/A - From RDC,Air,6/5/14,N/A - From RDC,1-Sep-14,1-Sep-14,2-Sep-14,ARV,Pediatric,SCMS from RDC,"Efavirenz 200mg, scored tablets, 90 Tabs",Efavirenz,Generic,200mg,Tablet,90,1016,9448.8,9.3,0.1,"Strides, Bangalore, India.",No,See DN-3842 (ID#:82706),See DN-3842 (ID#:82706),9.71
86612,110-ZM-T30,FPQ-12066,SO-45081,DN-3360,Zambia,PMO - US,From RDC,N/A - From RDC,Truck,4/19/13,N/A - From RDC,24-Jan-14,24-Jan-14,17-Mar-14,ARV,Adult,SCMS from RDC,"Efavirenz/Emtricitabine/Tenofovir Disoproxil Fumarate 600/200/300mg, tablets, 30 Tabs",Efavirenz/Emtricitabine/Tenofovir Disoproxil Fumarate,Generic,600/200/300mg,Tablet - FDC,30,177272,2180445.6,12.3,0.41,Mylan (formerly Matrix) Nashik,No,See DN-3360 (ID#:84864),See DN-3360 (ID#:84864),2697.21
16998,109-TZ-T30,FPQ-5900,SCMS-76980,ASN-7444,Tanzania,PMO - US,Direct Drop,EXW,Air,6/21/10,6/24/10,7-Aug-10,9-Aug-10,9-Aug-10,ARV,Adult,Aurobindo Pharma Limited,"Nevirapine 200mg, tablets, 60 Tabs",Nevirapine,Generic,200mg,Tablet,60,28663,74523.8,2.6,0.04,"Aurobindo Unit III, India",Yes,3380,17603.58,160.67
41992,133-NG-T30,FPQ-15504,SCMS-270771,ASN-32757,Nigeria,PMO - US,Direct Drop,EXW,Air,12/8/14,3/13/15,30-Jun-15,6-Jul-15,8-Jul-15,HRDT,HIV test,"Orgenics, Ltd","HIV 1/2, Determine Complete HIV Kit, 100 Tests","HIV 1/2, Determine Complete HIV Kit",Determine,,Test kit,100,4697,418033.0,89.0,0.89,"Alere Medical Co., Ltd.",Yes,Weight Captured Separately,Invoiced Separately,492.02
83092,110-ZM-T30,FPQ-10530,SO-43151,DN-2931,Zambia,PMO - US,From RDC,N/A - From RDC,Truck,8/21/12,N/A - From RDC,26-Dec-12,17-Dec-12,17-Dec-12,ARV,Adult,SCMS from RDC,"Lamivudine 150mg, tablets, 60 Tabs",Lamivudine,Generic,150mg,Tablet,60,15393,33248.88,2.16,0.04,Hetero Unit III Hyderabad IN,Yes,768,5213.54,46.61
85448,107-RW-T30,FPQ-12766,SO-46480,DN-3579,Rwanda,PMO - US,From RDC,N/A - From RDC,Truck,8/2/13,N/A - From RDC,28-Mar-14,2-Apr-14,14-Apr-14,ARV,Adult,SCMS from RDC,"Lamivudine/Tenofovir Disoproxil Fumarate 300/300mg, tablets, 30 Tabs",Lamivudine/Tenofovir Disoproxil Fumarate,Generic,300/300mg,Tablet - FDC,30,36406,171108.2,4.7,0.16,Hetero Unit III Hyderabad IN,No,See DN-3579 (ID#:83217),See DN-3579 (ID#:83217),211.66
19891,161-ZA-T30,FPQ-6262,SCMS-83890,ASN-9513,South Africa,PMO - US,Direct Drop,DDP,Ocean,8/31/10,9/21/10,24-Feb-11,24-Feb-11,24-Feb-11,ARV,Pediatric,CIPLA LIMITED,"Lamivudine 10mg/ml, oral solution w/syringe, Bottle, 240 ml",Lamivudine,Generic,10mg/ml,Oral solution,240,55000,114400.0,2.08,0.01,"Cipla, Goa, India",Yes,20419,17267.14,246.65
83565,101-CD-T30,FPQ-8840,SO-41148,DN-2512,"Congo, DRC",PMO - US,From RDC,N/A - From RDC,Air,11/21/11,N/A - From RDC,16-Mar-12,14-Mar-12,14-Mar-12,ARV,Pediatric,SCMS from RDC,"Nevirapine 10mg/ml, oral suspension w/syringe, Bottle, 240 ml",Nevirapine,Generic,10mg/ml,Oral suspension,240,2463,4802.85,1.95,0.01,"Aurobindo Unit III, India",No,See DN-2512 (ID#:82443),See DN-2512 (ID#:82443),6.73
54635,104-CI-T30,FPQ-8366,SCMS-124290,ASN-13788,Côte d'Ivoire,PMO - US,Direct Drop,EXW,Air,9/5/11,10/10/11,9-Mar-12,9-Mar-12,9-Mar-12,ARV,Adult,MYLAN LABORATORIES LTD (FORMERLY MATRIX LABORATORIES),"Abacavir/Lamivudine/Zidovudine 300/150/300mg, tablets, 60 Tabs",Abacavir/Lamivudine/Zidovudine,Generic,300/150/300mg,Tablet - FDC,60,2080,58240.0,28.0,0.47,Mylan (formerly Matrix) Nashik,Yes,316,3095.28,96.1
80688,104-CI-T30,FPQ-13155,SCMS-217000,ASN-23738,Côte d'Ivoire,PMO - US,Direct Drop,EXW,Air,10/22/13,12/3/13,17-Jan-14,17-Jan-14,28-Feb-14,ARV,Pediatric,Aurobindo Pharma Limited,"Zidovudine 100mg, capsules, 100 Caps",Zidovudine,Generic,100mg,Capsule,100,650,2925.0,4.5,0.04,"Aurobindo Unit III, India",Yes,72,1766.56,3.01
15687,161-ZA-T30,FPQ-5303,SCMS-68980,ASN-7526,South Africa,PMO - US,Direct Drop,DDP,Air,3/18/10,3/19/10,24-Aug-10,24-Aug-10,24-Aug-10,ARV,Pediatric,Aurobindo Pharma Limited,"Lamivudine 10mg/ml, oral solution w/syringe, Bottle, 240 ml",Lamivudine,Generic,10mg/ml,Oral solution,240,8474,25422.0,3.0,0.01,"Aurobindo Unit III, India",Yes,3206,2154.51,54.81
34103,106-HT-T30,FPQ-13494,SCMS-225422,ASN-27237,Haiti,PMO - US,Direct Drop,EXW,Air,1/21/14,2/19/14,28-Aug-14,28-Aug-14,28-Aug-14,HRDT,HIV test,"SHANGHAI KEHUA BIOENGINEERING CO.,LTD.  (KHB)","HIV 1/2, SKB Colloidal Gold, Diagnostic Kit, Antibody, 50 Tests","HIV 1/2, Colloidal Gold, Diagnostic Kit, Antibody",Colloidal Gold,,Test kit,1,450,11025.0,24.5,24.5,"KHB Test Kit Facility, Shanghai China",Yes,300,3446.68,11.33
75913,116-ZA-T30,FPQ-12522,SCMS-199283,ASN-27976,South Africa,PMO - US,Direct Drop,DDP,Truck,7/11/13,8/27/14,27-Aug-14,27-Aug-14,27-Aug-14,ARV,Adult,S. BUYS WHOLESALER,"Zidovudine 300mg, tablets, 60 Tabs",Zidovudine,Generic,300mg,Tablet,60,19,528.69,27.83,0.46,"Aurobindo Unit III, India",No,Weight Captured Separately,Freight Included in Commodity Cost,0.65
70813,108-VN-T30,FPQ-10287,SCMS-156140,ASN-17077,Vietnam,PMO - US,Direct Drop,EXW,Air,7/25/12,8/14/12,10-Dec-12,10-Dec-12,10-Dec-12,ARV,Pediatric,Aurobindo Pharma Limited,"Nevirapine 10mg/ml, oral suspension w/syringe, Bottle, 240 ml",Nevirapine,Generic,10mg/ml,Oral suspension,240,436,850.2,1.95,0.01,"Aurobindo Unit III, India",No,See ASN-17077 (ID#:37031),See ASN-17077 (ID#:37031),1.19
84418,111-MZ-T30,FPQ-14226,SO-48885,DN-3957,Mozambique,PMO - US,From RDC,N/A - From RDC,Truck,5/2/14,N/A - From RDC,31-Dec-14,1-Dec-14,1-Dec-14,ARV,Adult,SCMS from RDC,"Lamivudine/Tenofovir Disoproxil Fumarate 300/300mg, tablets, 30 Tabs",Lamivudine/Tenofovir Disoproxil Fumarate,Generic,300/300mg,Tablet - FDC,30,20673,95922.72,4.64,0.15,Hetero Unit III Hyderabad IN,No,See DN-3957 (ID#:83283),See DN-3957 (ID#:83283),98.61
12585,123-NG-T01,Pre-PQ Process,SO-22840,DN-1245,Nigeria,PMO - US,From RDC,N/A - From RDC,Air Charter,Pre-PQ Process,N/A - From RDC,16-Jun-09,16-Jun-09,16-Jun-09,ARV,Adult,SCMS from RDC,"Stavudine 30mg, capsules, 60 Caps",Stavudine,Generic,30mg,Capsule,60,12000,17880.0,1.49,0.02,"Aurobindo Unit III, India",Yes,789,7329.83,35.04
85920,111-MZ-T30,FPQ-10211,SO-42870,DN-2966,Mozambique,PMO - US,From RDC,N/A - From RDC,Truck,6/28/12,N/A - From RDC,31-Jan-13,11-Jan-13,11-Jan-13,ARV,Adult,SCMS from RDC,"Lamivudine/Nevirapine/Zidovudine 150/200/300mg, tablets, 60 Tabs",Lamivudine/Nevirapine/Zidovudine,Generic,150/300/200mg,Tablet - FDC,60,67271,647147.02,9.62,0.16,"Aurobindo Unit III, India",Yes,7899,7433.01,907.3
11910,112-NG-T01,Pre-PQ Process,SO-2727,DN-888,Nigeria,PMO - US,From RDC,N/A - From RDC,Air,Pre-PQ Process,N/A - From RDC,31-Aug-08,31-Aug-08,31-Aug-08,ARV,Adult,SCMS from RDC,"Lamivudine/Zidovudine 150/300mg, tablets, 60 Tabs",Lamivudine/Zidovudine,Generic,150/300mg,Tablet - FDC,60,1001,9359.35,9.35,0.16,Mylan (formerly Matrix) Nashik,Yes,82,1151.48,14.97
37496,111-MZ-T30,FPQ-13775,SCMS-229680,ASN-25195,Mozambique,PMO - US,Direct Drop,EXW,Air,2/21/14,2/28/14,13-Jun-14,13-Jun-14,13-Jun-14,HRDT,HIV test,"Trinity Biotech, Plc","HIV 1/2, Uni-Gold HIV Kit, 20 Tests","HIV 1/2, Uni-Gold HIV Kit",Uni-Gold,,Test kit,20,286,9152.0,32.0,1.6,"Trinity Biotech, Plc",Yes,88,1088.93,9.41
3245,110-ZM-T01,Pre-PQ Process,SCMS-25790,ASN-2399,Zambia,PMO - US,Direct Drop,EXW,Air,Pre-PQ Process,6/20/08,26-Sep-08,26-Sep-08,26-Sep-08,HRDT,HIV test,"Trinity Biotech, Plc","HIV 1/2, Uni-Gold HIV Kit, 20 Tests","HIV 1/2, Uni-Gold HIV Kit",Uni-Gold,,Test kit,20,9000,288000.0,32.0,1.6,"Trinity Biotech, Plc",Yes,3000,34902.96,460.8
12021,117-ET-T01,Pre-PQ Process,SO-34580,DN-1610,Ethiopia,PMO - US,From RDC,N/A - From RDC,Air,Date Not Captured,N/A - From RDC,13-Jan-10,13-Jan-10,13-Jan-10,ARV,Adult,SCMS from RDC,"Nevirapine 200mg, tablets, 60 Tabs",Nevirapine,Generic,200mg,Tablet,60,25540,74066.0,2.9,0.05,"Aurobindo Unit III, India",Yes,2031,6774.59,159.69
44908,111-MZ-T30,FPQ-3588,SCMS-45670,ASN-5525,Mozambique,PMO - US,Direct Drop,CIP,Air,3/25/09,5/13/09,4-Dec-09,4-Dec-09,4-Dec-09,ARV,Adult,GLAXOSMITHKLINE EXPORT LIMITED,"Abacavir/Lamivudine/Zidovudine 300/150/300mg [Trizivir], tablets, 60 Tabs",Abacavir/Lamivudine/Zidovudine,Trizivir,300/150/300mg,Tablet - FDC,60,1020,54784.2,53.71,0.9,GSK Ware (UK),No,Weight Captured Separately,Freight Included in Commodity Cost,107.38
86181,900-TG-T30,FPQ-15916,SO-51070,DN-4185,Togo,PMO - US,From RDC,N/A - From RDC,Air,2/18/15,N/A - From RDC,31-Mar-15,24-Apr-15,29-Apr-15,ARV,Adult,SCMS from RDC,"Nevirapine 200mg, tablets, 60 Tabs",Nevirapine,Generic,200mg,Tablet,60,240,523.2,2.18,0.04,Hetero Unit III Hyderabad IN,Yes,Weight Captured Separately,Invoiced Separately,0.62
39631,105-GH-T30,FPQ-13809,SCMS-234030,ASN-26373,Ghana,PMO - US,Direct Drop,EXW,Air,3/7/14,5/9/14,12-Jun-14,12-Jun-14,12-Jun-14,ARV,Pediatric,Aurobindo Pharma Limited,"Lamivudine 10mg/ml, oral solution, Bottle, 240 ml",Lamivudine,Generic,10mg/ml,Oral solution,240,6047,8647.21,1.43,0.01,"Aurobindo Unit III, India",Yes,2323,7326.63,8.89
23452,200-ZW-T30,FPQ-6488,SCMS-90690,ASN-13957,Zimbabwe,PMO - US,Direct Drop,FCA,Air,10/26/10,11/10/10,2-Apr-12,2-Apr-12,2-Apr-12,ARV,Pediatric,ABBVIE LOGISTICS (FORMERLY ABBOTT LOGISTICS BV),"Lopinavir/Ritonavir 80/20mg/ml [Kaletra], oral solution, cool, Bottle 5 x 60 ml",Lopinavir/Ritonavir,Kaletra,80/20mg/ml,Oral solution,300,1251,38555.82,30.82,0.1,ABBVIE (Abbott) Logis. UK,Yes,Weight Captured Separately,Invoiced Separately,83.13
83200,114-UG-T30,FPQ-13107,SO-46840,DN-3503,Uganda,PMO - US,From RDC,N/A - From RDC,Truck,10/16/13,N/A - From RDC,28-Feb-14,30-Jan-14,3-Feb-14,ARV,Pediatric,SCMS from RDC,"Nevirapine 10mg/ml, oral suspension w/syringe, Bottle, 100 ml",Nevirapine,Generic,10mg/ml,Oral suspension,100,15000,19500.0,1.3,0.01,"Aurobindo Unit III, India",Yes,2978,5458.46,20.05
86538,111-MZ-T30,FPQ-10210,SO-42832,DN-2965,Mozambique,PMO - US,From RDC,N/A - From RDC,Truck,6/28/12,N/A - From RDC,11-Jan-13,11-Jan-13,11-Jan-13,ARV,Adult,SCMS from RDC,"Lamivudine/Nevirapine/Zidovudine 150/200/300mg, tablets, 60 Tabs",Lamivudine/Nevirapine/Zidovudine,Generic,150/300/200mg,Tablet - FDC,60,67609,650398.58,9.62,0.16,"Aurobindo Unit III, India",No,See DN-2965 (ID#:85321),See DN-2965 (ID#:85321),911.86
84723,107-RW-T30,FPQ-9637,SO-41820,DN-2653,Rwanda,PMO - US,From RDC,N/A - From RDC,Air,3/28/12,N/A - From RDC,29-Jun-12,15-May-12,15-May-12,ARV,Adult,SCMS from RDC,"Efavirenz 600mg, tablets, 30 Tabs",Efavirenz,Generic,600mg,Tablet,30,24126,94332.66,3.91,0.13,"Strides, Bangalore, India.",Yes,1444,15842.34,132.25
86114,110-ZM-T30,FPQ-13692,SO-48000,DN-3819,Zambia,PMO - US,From RDC,N/A - From RDC,Truck,2/6/14,N/A - From RDC,31-Jul-14,23-Jul-14,28-Aug-14,ARV,Adult,SCMS from RDC,"Efavirenz/Lamivudine/Tenofovir Disoproxil Fumarate 600/300/300mg, tablets, 30 Tabs",Efavirenz/Lamivudine/Tenofovir Disoproxil Fumarate,Generic,600/300/300mg,Tablet - FDC,30,175000,1886500.0,10.78,0.36,Mylan (formerly Matrix) Nashik,No,See DN-3819 (ID#:85506),See DN-3819 (ID#:85506),1939.32
37963,108-VN-T30,FPQ-6818,SCMS-98050,ASN-11023,Vietnam,PMO - US,Direct Drop,EXW,Air,1/17/11,2/15/11,22-Jun-11,22-Jun-11,22-Jun-11,ARV,Adult,MYLAN LABORATORIES LTD (FORMERLY MATRIX LABORATORIES),"Nevirapine 200mg, tablets, 60 Tabs",Nevirapine,Generic,200mg,Tablet,60,1556,4045.6,2.6,0.04,Mylan (formerly Matrix) Nashik,Yes,2113,10784.69,6.68
85463,111-MZ-T30,FPQ-13123,SO-47085,DN-3652,Mozambique,PMO - US,From RDC,N/A - From RDC,Truck,10/21/13,N/A - From RDC,16-Jun-14,23-May-14,13-Jun-14,ARV,Adult,SCMS from RDC,"Lamivudine/Nevirapine/Zidovudine 150/200/300mg, tablets, 60 Tabs",Lamivudine/Nevirapine/Zidovudine,Generic,150/300/200mg,Tablet - FDC,60,100000,811000.0,8.11,0.14,Hetero Unit III Hyderabad IN,Yes,48109,30202.86,833.71
83951,154-NG-T30,FPQ-3815,SO-32260,DN-1452,Nigeria,PMO - US,From RDC,N/A - From RDC,Air Charter,5/26/09,N/A - From RDC,30-Oct-09,20-Oct-09,20-Oct-09,ARV,Adult,SCMS from RDC,"Lamivudine/Nevirapine/Stavudine 150/200/30mg, tablets, 60 Tabs",Lamivudine/Nevirapine/Stavudine,Generic,150/200/30mg,Tablet - FDC,60,63,441.0,7.0,0.12,"Strides, Bangalore, India.",No,See DN-1452 (ID#:82272),See DN-1452 (ID#:82272),0.86
86259,114-UG-T30,FPQ-4496,SO-35010,DN-1632,Uganda,PMO - US,From RDC,N/A - From RDC,Truck,10/28/09,N/A - From RDC,22-Mar-10,29-Jan-10,29-Jan-10,ARV,Adult,SCMS from RDC,"Nevirapine 200mg, tablets, 60 Tabs",Nevirapine,Generic,200mg,Tablet,60,1600,4640.0,2.9,0.05,"Aurobindo Unit III, India",Yes,157,1601.5,10.0
11302,114-UG-T01,Pre-PQ Process,SO-17710,DN-996,Uganda,PMO - US,From RDC,N/A - From RDC,Air,Pre-PQ Process,N/A - From RDC,27-Nov-08,27-Nov-08,27-Nov-08,ARV,Adult,SCMS from RDC,"Lamivudine/Zidovudine 150/300mg, tablets, 60 Tabs",Lamivudine/Zidovudine,Generic,150/300mg,Tablet - FDC,60,5377,50274.95,9.35,0.16,"Aurobindo Unit III, India",Yes,501,3266.38,98.54
10654,111-MZ-T01,Pre-PQ Process,SO-1039,DN-628,Mozambique,PMO - US,From RDC,N/A - From RDC,Air,Pre-PQ Process,N/A - From RDC,8-Apr-08,5-Apr-08,5-Apr-08,ARV,Adult,SCMS from RDC,"Lamivudine/Stavudine 150/30mg, tablets, 30 Tabs",Lamivudine/Stavudine,Generic,150/30mg,Tablet - FDC,30,52240,104480.0,2.0,0.07,"Cipla, Goa, India",Yes,4230,8771.34,167.17
39895,107-RW-T30,FPQ-15065,SCMS-263330,ASN-30481,Rwanda,PMO - US,Direct Drop,EXW,Air,10/15/14,12/18/14,18-Feb-15,18-Feb-15,19-Feb-15,HRDT,HIV test,"SHANGHAI KEHUA BIOENGINEERING CO.,LTD.  (KHB)","HIV 1/2, SKB Colloidal Gold, Diagnostic Kit, Antibody, 50 Tests","HIV 1/2, Colloidal Gold, Diagnostic Kit, Antibody",Colloidal Gold,,Test kit,1,4014,98343.0,24.5,24.5,"KHB Test Kit Facility, Shanghai China",Yes,2676,35281.73,101.1
86598,103-ZW-T30,FPQ-11478,SO-44291,DN-3293,Zimbabwe,PMO - US,From RDC,N/A - From RDC,Truck,1/16/13,N/A - From RDC,12-Sep-13,20-Sep-13,20-Sep-13,ARV,Pediatric,SCMS from RDC,"Lamivudine/Nevirapine/Zidovudine 30/50/60mg, dispersible tablets, 60 Tabs",Lamivudine/Nevirapine/Zidovudine,Generic,30/50/60mg,Chewable/dispersible tablet - FDC,60,61591,255602.65,4.15,0.07,"Strides, Bangalore, India.",Yes,2641,4529.65,316.18
86629,105-GY-T30,FPQ-12619,SO-46100,DN-3409,Guyana,PMO - US,From RDC,N/A - From RDC,Air,7/16/13,N/A - From RDC,31-Dec-13,30-Nov-13,23-Dec-13,ARV,Pediatric,SCMS from RDC,"Abacavir 20mg/ml, oral solution w/syringe, Bottle, 240 ml",Abacavir,Generic,20mg/ml,Oral solution,240,49,416.99,8.51,0.04,"Aurobindo Unit III, India",No,See DN-3409 (ID#:84306),See DN-3409 (ID#:84306),0.52
84538,151-NG-T30,FPQ-4537,SO-35040,DN-1700,Nigeria,PMO - US,From RDC,N/A - From RDC,Air Charter,11/6/09,N/A - From RDC,19-Apr-10,31-Mar-10,31-Mar-10,ARV,Adult,SCMS from RDC,"Lamivudine/Nevirapine/Stavudine 150/200/30mg, tablets, 60 Tabs",Lamivudine/Nevirapine/Stavudine,Generic,150/200/30mg,Tablet - FDC,60,1500,9165.0,6.11,0.1,"Strides, Bangalore, India.",Yes,113,Freight Included in Commodity Cost,19.76
11001,114-UG-T01,Pre-PQ Process,SO-17830,DN-990,Uganda,PMO - US,From RDC,N/A - From RDC,Air,Pre-PQ Process,N/A - From RDC,9-Dec-08,9-Dec-08,9-Dec-08,ARV,Adult,SCMS from RDC,"Lopinavir/Ritonavir 200/50mg [Aluvia], tablets, 120 Tabs",Lopinavir/Ritonavir,Aluvia,200/50mg,Tablet,120,42,1726.2,41.1,0.34,ABBVIE Ludwigshafen Germany,Yes,123,845.37,3.38
11906,114-UG-T01,Pre-PQ Process,SO-17770,DN-998,Uganda,PMO - US,From RDC,N/A - From RDC,Truck,Pre-PQ Process,N/A - From RDC,15-Dec-08,15-Dec-08,15-Dec-08,ARV,Adult,SCMS from RDC,"Efavirenz 600mg, tablets, 30 Tabs",Efavirenz,Generic,600mg,Tablet,30,5147,56617.0,11.0,0.37,"Aurobindo Unit III, India",No,See DN-998 (ID#:11568),See DN-998 (ID#:11568),110.97
20294,110-ZM-T30,FPQ-12662,SCMS-202390,ASN-23686,Zambia,PMO - US,Direct Drop,EXW,Air,7/22/13,8/12/13,14-Feb-14,14-Feb-14,18-Feb-14,ARV,Adult,MYLAN LABORATORIES LTD (FORMERLY MATRIX LABORATORIES),"Emtricitabine/Tenofovir Disoproxil Fumarate 200/300mg, tablets, 30 Tabs",Emtricitabine/Tenofovir Disoproxil Fumarate,Generic,200/300mg,Tablet - FDC,30,300000,1722000.0,5.74,0.19,Mylan (formerly Matrix) Nashik,Yes,24233,119474.09,2130.11
72281,119-NA-T30,FPQ-3983,SCMS-50160,ASN-4754,Namibia,PMO - US,Direct Drop,EXW,Air,7/17/09,7/25/09,25-Aug-09,25-Aug-09,25-Aug-09,HRDT,HIV test,"Orgenics, Ltd","HIV 1/2, Determine HIV Kit, without Lancets, 100 Tests","HIV 1/2, Determine HIV Kit, without Lancets",Determine,,Test kit,100,150,10500.0,70.0,0.7,Inverness Japan,Yes,37,2541.8,20.58
9037,116-ZA-T01,Pre-PQ Process,SCMS-41140,ASN-3752,South Africa,PMO - US,Direct Drop,DDP,Air,Pre-PQ Process,Date Not Captured,31-Mar-09,21-Nov-08,21-Nov-08,ARV,Pediatric,S. BUYS WHOLESALER,"Efavirenz 200mg [Stocrin/Sustiva], capsule, 90 Caps",Efavirenz,Stocrin/Sustiva,200mg,Capsule,90,100,2454.0,24.54,0.27,"MSD Midrand, J'burg, SA",No,Weight Captured Separately,Freight Included in Commodity Cost,4.81
12616,117-ET-T01,Pre-PQ Process,SO-33630,DN-1471,Ethiopia,PMO - US,From RDC,N/A - From RDC,Air,Date Not Captured,N/A - From RDC,6-Oct-09,6-Oct-09,6-Oct-09,ARV,Adult,SCMS from RDC,"Lamivudine 150mg, tablets, 60 Tabs",Lamivudine,Generic,150mg,Tablet,60,4275,10431.0,2.44,0.04,"Aurobindo Unit III, India",No,See DN-1471 (ID#:12015),See DN-1471 (ID#:12015),20.44
54973,104-CI-T30,FPQ-8327,SCMS-124790,ASN-13658,Côte d'Ivoire,PMO - US,Direct Drop,FCA,Ocean,9/8/11,11/18/11,23-Mar-12,23-Mar-12,23-Mar-12,ARV,Adult,ABBVIE LOGISTICS (FORMERLY ABBOTT LOGISTICS BV),"Lopinavir/Ritonavir 200/50mg [Aluvia], tablets, 120 Tabs",Lopinavir/Ritonavir,Aluvia,200/50mg,Tablet,120,14420,444424.4,30.82,0.26,ABBVIE Ludwigshafen Germany,Yes,Weight Captured Separately,Invoiced Separately,733.3
10632,110-ZM-T01,Pre-PQ Process,SO-1122,DN-417,Zambia,PMO - US,From RDC,N/A - From RDC,Air,Pre-PQ Process,N/A - From RDC,2-Nov-07,2-Nov-07,2-Nov-07,ARV,Adult,SCMS from RDC,"Lamivudine/Zidovudine 150/300mg, tablets, 60 Tabs",Lamivudine/Zidovudine,Generic,150/300mg,Tablet - FDC,60,40245,382327.5,9.5,0.16,"Cipla, Goa, India",Yes,3254,13267.3,611.72
64667,105-SS-T30,FPQ-15569,SCMS-272160,ASN-31338,South Sudan,PMO - US,Direct Drop,EXW,Air,12/29/14,2/20/15,3-Jun-15,3-Jun-15,5-Jun-15,HRDT,HIV test - Ancillary,"Orgenics, Ltd","Capillary Tubes, for Determine, EDTA, 50uL,100 Pcs","HIV, Capillary Tubes, for Determine, EDTA, 50uL,100 Pcs",Determine,,Test kit - Ancillary,100,100,800.0,8.0,0.08,"Alere Medical Co., Ltd.",No,See ASN-31338 (ID#:38992),See ASN-31338 (ID#:38992),0.94
12301,151-NG-T01,Pre-PQ Process,SO-32644,DN-1338,Nigeria,PMO - US,From RDC,N/A - From RDC,Air Charter,Date Not Captured,N/A - From RDC,4-Aug-09,4-Aug-09,4-Aug-09,ARV,Adult,SCMS from RDC,"Lamivudine/Nevirapine/Zidovudine 150/200/300mg, tablets, 60 Tabs",Lamivudine/Nevirapine/Zidovudine,Generic,150/300/200mg,Tablet - FDC,60,5800,66120.0,11.4,0.19,"Aurobindo Unit III, India",Yes,654,7445.8,129.6
12314,110-ZM-T01,Pre-PQ Process,SO-29080,DN-1404,Zambia,PMO - US,From RDC,N/A - From RDC,Truck,Date Not Captured,N/A - From RDC,22-Sep-09,22-Sep-09,22-Sep-09,ARV,Adult,SCMS from RDC,"Lamivudine/Tenofovir Disoproxil Fumarate 300/300mg, tablets, 30 Tabs",Lamivudine/Tenofovir Disoproxil Fumarate,Generic,300/300mg,Tablet - FDC,30,92000,1058000.0,11.5,0.38,Mylan (formerly Matrix) Nashik,Yes,7678,6759.28,2073.68
81747,111-MZ-T30,FPQ-13395,SCMS-219220,ASN-25455,Mozambique,PMO - US,Direct Drop,EXW,Air,12/11/13,12/17/13,2-May-14,2-May-14,7-May-14,ARV,Adult,HETERO LABS LIMITED,"Lamivudine/Nevirapine/Zidovudine 150/200/300mg, tablets, 60 Tabs",Lamivudine/Nevirapine/Zidovudine,Generic,150/300/200mg,Tablet - FDC,60,24816,201257.76,8.11,0.14,Hetero Unit III Hyderabad IN,Yes,3392,16835.52,206.89
77901,133-NG-T30,FPQ-10765,SCMS-162440,ASN-18172,Nigeria,PMO - US,Direct Drop,EXW,Air,10/5/12,10/16/12,9-Jan-13,21-Feb-13,21-Feb-13,HRDT,HIV test,"Orgenics, Ltd","HIV 1/2, Determine Complete HIV Kit, 100 Tests","HIV 1/2, Determine Complete HIV Kit",Determine,,Test kit,100,2744,244216.0,89.0,0.89,"Alere Medical Co., Ltd.",Yes,1235,88176.17,342.39
82495,114-UG-T30,FPQ-9875,SO-42060,DN-2768,Uganda,PMO - US,From RDC,N/A - From RDC,Air,5/9/12,N/A - From RDC,17-Sep-12,14-Aug-12,14-Aug-12,ARV,Adult,SCMS from RDC,"Lamivudine/Nevirapine/Zidovudine 150/200/300mg, tablets, 60 Tabs",Lamivudine/Nevirapine/Zidovudine,Generic,150/300/200mg,Tablet - FDC,60,72107,707369.67,9.81,0.16,Mylan (formerly Matrix) Nashik,Yes,9348,81100.77,991.73
85212,102-KE-T30,FPQ-8736,SO-41070,DN-2436,Kenya,PMO - US,From RDC,N/A - From RDC,Air,11/1/11,N/A - From RDC,30-Nov-11,11-Nov-11,11-Nov-11,ARV,Pediatric,SCMS from RDC,"Nevirapine 10mg/ml, oral suspension w/syringe, Bottle, 240 ml",Nevirapine,Generic,10mg/ml,Oral suspension,240,4000,7800.0,1.95,0.01,"Aurobindo Unit III, India",Yes,1496,5752.74,10.94
83443,114-UG-T30,FPQ-5239,SO-36131,DN-1943,Uganda,PMO - US,From RDC,N/A - From RDC,Air,3/2/10,N/A - From RDC,4-Aug-10,19-Jul-10,19-Jul-10,ARV,Adult,SCMS from RDC,"Emtricitabine/Tenofovir Disoproxil Fumarate 200/300mg, tablets, 30 Tabs",Emtricitabine/Tenofovir Disoproxil Fumarate,Generic,200/300mg,Tablet - FDC,30,703,8260.25,11.75,0.39,Mylan (formerly Matrix) Nashik,Yes,301,4758.36,17.81
85915,103-ZW-T30,FPQ-9907,SO-42200,DN-2913,Zimbabwe,PMO - US,From RDC,N/A - From RDC,Truck,5/15/12,N/A - From RDC,19-Nov-12,19-Nov-12,19-Nov-12,ARV,Pediatric,SCMS from RDC,"Lamivudine/Zidovudine 30/60mg, tablets, 60 Tabs",Lamivudine/Zidovudine,Generic,30/60mg,Tablet - FDC,60,2267,6256.92,2.76,0.05,"Aurobindo Unit III, India",No,See DN-2913 (ID#:84764),See DN-2913 (ID#:84764),8.77
84074,111-MZ-T30,FPQ-7053,SO-38670,DN-2160,Mozambique,PMO - US,From RDC,N/A - From RDC,Truck,1/24/11,N/A - From RDC,31-May-11,6-Apr-11,6-Apr-11,ARV,Adult,SCMS from RDC,"Lamivudine 150mg, tablets, 60 Tabs",Lamivudine,Generic,150mg,Tablet,60,4050,9436.5,2.33,0.04,"Aurobindo Unit III, India",Yes,195,3495.81,15.57
47949,161-ZA-T30,FPQ-6262,SCMS-83830,ASN-9478,South Africa,PMO - US,Direct Drop,DDP,Ocean,8/31/10,9/24/10,1-Feb-11,4-Mar-11,4-Mar-11,ARV,Adult,Aurobindo Pharma Limited,"Efavirenz 600mg, tablets, 30 Tabs",Efavirenz,Generic,600mg,Tablet,30,87018,394191.54,4.53,0.15,"Aurobindo Unit III, India",Yes,Weight Captured Separately,Freight Included in Commodity Cost,849.88
11259,100-ZW-T01,Pre-PQ Process,SO-713,DN-687,Zimbabwe,PMO - US,From RDC,N/A - From RDC,Air,Pre-PQ Process,N/A - From RDC,30-Mar-08,30-Mar-08,30-Mar-08,ARV,Adult,SCMS from RDC,"Efavirenz 600mg, tablets, 30 Tabs",Efavirenz,Generic,600mg,Tablet,30,1233,15313.86,12.42,0.41,Mylan (formerly Matrix) Nashik,No,See DN-687 (ID#:10697),See DN-687 (ID#:10697),24.5
40152,116-ZA-T30,FPQ-14942,SCMS-259071,ASN-29597,South Africa,PMO - US,Direct Drop,DDP,Truck,9/11/14,11/28/14,28-Nov-14,28-Nov-14,28-Nov-14,ARV,Pediatric,PHARMACY DIRECT,"Abacavir 20mg/ml, oral solution, Bottle, 240 ml",Abacavir,Generic,20mg/ml,Oral solution,240,8,141.69,17.71,0.07,"Aurobindo Unit III, India",No,Weight Captured Separately,Freight Included in Commodity Cost,0.15
11383,110-ZM-T01,Pre-PQ Process,SO-206,DN-69,Zambia,PMO - US,From RDC,N/A - From RDC,,Pre-PQ Process,N/A - From RDC,20-Apr-07,20-Apr-07,20-Apr-07,ARV,Adult,SCMS from RDC,"Abacavir 300mg, tablets, 60 Tabs",Abacavir,Generic,300mg,Tablet,60,5000,177500.0,35.5,0.59,"Aurobindo Unit III, India",Yes,239,1684.15,
11741,109-TZ-T01,Pre-PQ Process,SO-769,DN-275,Tanzania,PMO - US,From RDC,N/A - From RDC,Air,Pre-PQ Process,N/A - From RDC,22-Aug-07,22-Aug-07,22-Aug-07,ARV,Adult,SCMS from RDC,"Nevirapine 200mg, tablets, 60 Tabs",Nevirapine,Generic,200mg,Tablet,60,11807,42150.99,3.57,0.06,"Aurobindo Unit III, India",Yes,1802,3267,67.44
82873,104-CI-T30,FPQ-4378,SO-34415,DN-1763,Côte d'Ivoire,PMO - US,From RDC,N/A - From RDC,Air,10/15/09,N/A - From RDC,12-Apr-10,8-Apr-10,8-Apr-10,ARV,Adult,SCMS from RDC,"Lamivudine/Zidovudine 150/300mg, tablets, 60 Tabs",Lamivudine/Zidovudine,Generic,150/300mg,Tablet - FDC,60,20000,175200.0,8.76,0.15,"Aurobindo Unit III, India",Yes,1807,21347.2,343.39
32316,102-SD-T30,FPQ-8264,SCMS-121842,ASN-12830,Sudan,PMO - US,Direct Drop,EXW,Air,9/7/11,9/14/11,6-Jan-12,6-Jan-12,6-Jan-12,HRDT,HIV test - Ancillary,"Orgenics, Ltd","Capillary Tubes, for Determine, EDTA, 50uL,100 Pcs","HIV, Capillary Tubes, for Determine, EDTA, 50uL,100 Pcs",Determine,,Test kit - Ancillary,100,2,16.0,8.0,0.08,"Alere Medical Co., Ltd.",Yes,2,885.49,0.03
86479,113-ZW-T30,FPQ-8464,SO-40881,DN-2683,Zimbabwe,PMO - US,From RDC,N/A - From RDC,Truck,10/4/11,N/A - From RDC,14-Aug-12,27-Jun-12,27-Jun-12,ARV,Adult,SCMS from RDC,"Lamivudine/Nevirapine/Stavudine 150/200/30mg, tablets, 60 Tabs",Lamivudine/Nevirapine/Stavudine,Generic,150/200/30mg,Tablet - FDC,60,66980,314806.0,4.7,0.08,"Strides, Bangalore, India.",Yes,1838,5530.11,519.43
86699,103-SS-T30,FPQ-14574,SO-49370,DN-3891,South Sudan,PMO - US,From RDC,N/A - From RDC,Air,7/14/14,N/A - From RDC,2-Oct-14,17-Oct-14,13-Nov-14,ARV,Adult,SCMS from RDC,"Efavirenz 600mg, tablets, 30 Tabs",Efavirenz,Generic,600mg,Tablet,30,4488,14406.48,3.21,0.11,"Cipla, Goa, India",No,See DN-3891 (ID#:86103),See DN-3891 (ID#:86103),14.81
85359,114-UG-T30,FPQ-11133,SO-43872,DN-3137,Uganda,PMO - US,From RDC,N/A - From RDC,Truck,12/13/12,N/A - From RDC,28-Jun-13,15-May-13,15-May-13,ARV,Pediatric,SCMS from RDC,"Lamivudine/Nevirapine/Zidovudine 30/50/60mg, dispersible tablets, 60 Tabs",Lamivudine/Nevirapine/Zidovudine,Generic,30/50/60mg,Chewable/dispersible tablet - FDC,60,5861,24323.15,4.15,0.07,Mylan (formerly Matrix) Nashik,Yes,345,3426.68,30.09
22417,106-HT-T30,FPQ-15038,SCMS-262890,ASN-32716,Haiti,PMO - US,Direct Drop,FCA,Air,10/22/14,1/30/15,7-Jul-15,7-Jul-15,7-Jul-15,ARV,Pediatric,ABBVIE LOGISTICS (FORMERLY ABBOTT LOGISTICS BV),"Lopinavir/Ritonavir 100/25mg [Aluvia], tablets, 60 Tabs",Lopinavir/Ritonavir,Generic,100/25mg,Tablet,60,2697,16020.18,5.94,0.1,ABBVIE Ludwigshafen Germany,Yes,1825,4126.9,16.47
85038,114-UG-T30,FPQ-15294,SO-50053,DN-4298,Uganda,PMO - US,From RDC,N/A - From RDC,Truck,11/3/14,N/A - From RDC,15-Jul-15,9-Jul-15,13-Jul-15,ARV,Pediatric,SCMS from RDC,"Abacavir/Lamivudine 60/30mg, dispersible tablets, 60 Tabs",Abacavir/Lamivudine,Generic,60/30mg,Chewable/dispersible tablet - FDC,60,14476,57180.2,3.95,0.07,"Cipla, Patalganga, India",Yes,839,8402.24,67.3
84613,110-ZM-T30,FPQ-6222,SO-38150,DN-2078,Zambia,PMO - US,From RDC,N/A - From RDC,Truck,8/20/10,N/A - From RDC,1-Apr-11,13-Jan-11,13-Jan-11,ARV,Adult,SCMS from RDC,"Lamivudine 150mg, tablets, 60 Tabs",Lamivudine,Generic,150mg,Tablet,60,12080,28146.4,2.33,0.04,Hetero Unit III Hyderabad IN,Yes,503,2355.79,60.68
39575,116-ZA-T30,FPQ-4359,SCMS-54980,ASN-5373,South Africa,PMO - US,Direct Drop,DDP,Truck,10/8/09,10/15/09,19-Oct-09,19-Oct-09,19-Oct-09,ARV,Adult,S. BUYS WHOLESALER,"Efavirenz 600mg, tablets, 30 Tabs",Efavirenz,Generic,600mg,Tablet,30,600,11761.67,19.6,0.65,"Cipla, Goa, India",No,Weight Captured Separately,Freight Included in Commodity Cost,23.05
25141,116-ZA-T30,FPQ-14942,SCMS-295800,ASN-33865,South Africa,PMO - US,Direct Drop,DDP,Truck,9/11/14,8/24/15,24-Aug-15,24-Aug-15,24-Aug-15,ARV,Pediatric,PHARMACY DIRECT,"Abacavir 20mg/ml, oral solution, Bottle, 240 ml",Abacavir,Generic,20mg/ml,Oral solution,240,17,322.98,19.0,0.08,"Aurobindo Unit III, India",No,Weight Captured Separately,Freight Included in Commodity Cost,0.33
37076,110-ZM-T30,FPQ-16528,SCMS-294910,ASN-33650,Zambia,PMO - US,Direct Drop,EXW,Air,6/30/15,7/28/15,18-Aug-15,18-Aug-15,21-Aug-15,ARV,Adult,HETERO LABS LIMITED,"Efavirenz 600mg, tablets, 30 Tabs",Efavirenz,Generic,600mg,Tablet,30,56352,183144.0,3.25,0.11,"Hetero, Jadcherla, unit 5, IN",Yes,Weight Captured Separately,Invoiced Separately,215.56
41214,109-TZ-T30,FPQ-12540,SCMS-198800,ASN-21501,Tanzania,PMO - US,Direct Drop,EXW,Air,7/3/13,7/16/13,4-Oct-13,4-Oct-13,4-Oct-13,ARV,Adult,MYLAN LABORATORIES LTD (FORMERLY MATRIX LABORATORIES),"Efavirenz/Emtricitabine/Tenofovir Disoproxil Fumarate 600/200/300mg, tablets, 30 Tabs",Efavirenz/Emtricitabine/Tenofovir Disoproxil Fumarate,Generic,600/200/300mg,Tablet - FDC,30,216755,2653081.2,12.24,0.41,Mylan (formerly Matrix) Nashik,Yes,28678,118541.26,3281.86
48319,116-ZA-T30,FPQ-13214,SCMS-215410,ASN-23875,South Africa,PMO - US,Direct Drop,DDP,Truck,11/14/13,12/2/13,13-Jan-14,13-Jan-14,13-Jan-14,ARV,Adult,S. BUYS WHOLESALER,"Nevirapine 200mg, tablets, 60 Tabs",Nevirapine,Generic,200mg,Tablet,60,275,4974.52,18.09,0.3,"Cipla, Goa, India",No,Weight Captured Separately,Freight Included in Commodity Cost,5.11
86034,114-UG-T30,FPQ-12776,SO-46180,DN-3502,Uganda,PMO - US,From RDC,N/A - From RDC,Truck,8/6/13,N/A - From RDC,31-Jan-14,30-Jan-14,3-Feb-14,ARV,Pediatric,SCMS from RDC,"Nevirapine 10mg/ml, oral suspension w/syringe, Bottle, 100 ml",Nevirapine,Generic,10mg/ml,Oral suspension,100,45285,58870.5,1.3,0.01,"Aurobindo Unit III, India",Yes,8998,5458.45,72.82
84873,107-RW-T30,FPQ-12190,SO-45381,DN-3453,Rwanda,PMO - US,From RDC,N/A - From RDC,Truck,5/6/13,N/A - From RDC,17-Jan-14,17-Jan-14,27-Jan-14,ARV,Adult,SCMS from RDC,"Efavirenz/Lamivudine/Tenofovir Disoproxil Fumarate 600/300/300mg, tablets, 30 Tabs",Efavirenz/Lamivudine/Tenofovir Disoproxil Fumarate,Generic,600/300/300mg,Tablet - FDC,30,64500,719175.0,11.15,0.37,Mylan (formerly Matrix) Nashik,Yes,7248,11571.94,889.62
41444,108-VN-T30,FPQ-6818,SCMS-97850,ASN-11024,Vietnam,PMO - US,Direct Drop,EXW,Air,1/17/11,2/15/11,22-Jun-11,22-Jun-11,22-Jun-11,ARV,Adult,MYLAN LABORATORIES LTD (FORMERLY MATRIX LABORATORIES),"Lamivudine/Zidovudine 150/300mg, tablets, 60 Tabs",Lamivudine/Zidovudine,Generic,150/300mg,Tablet - FDC,60,5070,41827.5,8.25,0.14,Mylan (formerly Matrix) Nashik,No,See ASN-11024 (ID#:15149),See ASN-11024 (ID#:15149),69.02
438,108-VN-T01,Pre-PQ Process,SCMS-20310,ASN-1923,Vietnam,PMO - US,Direct Drop,CIP,Air,Pre-PQ Process,3/31/08,12-Jul-08,12-Jul-08,12-Jul-08,ARV,Pediatric,BRISTOL-MYERS SQUIBB,"Didanosine 25mg [Videx], chewable tablets, 60 Tabs",Didanosine,Videx,25mg,Chewable/dispersible tablet,60,400,2800.0,7.0,0.12,"BMS Meymac, France",Yes,81,2211.05,4.48
86574,111-MZ-T30,FPQ-11033,SO-43770,DN-3182,Mozambique,PMO - US,From RDC,N/A - From RDC,Truck,11/12/12,N/A - From RDC,26-Jul-13,26-Jul-13,26-Jul-13,ARV,Adult,SCMS from RDC,"Lamivudine/Zidovudine 150/300mg, tablets, 60 Tabs",Lamivudine/Zidovudine,Generic,150/300mg,Tablet - FDC,60,32508,227556.0,7.0,0.12,Hetero Unit III Hyderabad IN,No,Weight Captured Separately,Freight Included in Commodity Cost,281.49
17640,111-MZ-T30,FPQ-10880,SCMS-164000,ASN-18533,Mozambique,PMO - US,Direct Drop,EXW,Air,10/18/12,11/6/12,20-Mar-13,20-Mar-13,20-Mar-13,HRDT,HIV test,"Orgenics, Ltd","HIV 1/2, Determine Complete HIV Kit, 100 Tests","HIV 1/2, Determine Complete HIV Kit",Determine,,Test kit,100,1832,146560.0,80.0,0.8,"Alere Medical Co., Ltd.",Yes,829,8680.27,181.29
18354,106-HT-T30,FPQ-13797,SCMS-233950,ASN-26826,Haiti,PMO - US,Direct Drop,EXW,Ocean,3/20/14,4/29/14,20-Oct-14,20-Oct-14,24-Oct-14,ARV,Pediatric,Aurobindo Pharma Limited,"Nevirapine 10mg/ml, oral suspension w/syringe, Bottle, 240 ml",Nevirapine,Generic,10mg/ml,Oral suspension,240,1295,1955.45,1.51,0.01,"Aurobindo Unit III, India",Yes,536,1893.24,2.01
85333,102-ZW-T30,FPQ-10674,SO-43250,DN-3036,Zimbabwe,PMO - US,From RDC,N/A - From RDC,Truck,9/18/12,N/A - From RDC,29-Mar-13,23-Mar-13,23-Mar-13,ARV,Adult,SCMS from RDC,"Abacavir/Lamivudine 600/300mg, scored tablets, 30 Tabs",Abacavir/Lamivudine,Generic,600/300mg,Tablet - FDC,30,810,11307.6,13.96,0.47,Mylan (formerly Matrix) Nashik,Yes,52,1600,15.85
12171,110-ZM-T01,Pre-PQ Process,SO-1889,DN-712,Zambia,PMO - US,From RDC,N/A - From RDC,,Pre-PQ Process,N/A - From RDC,9-May-08,9-May-08,9-May-08,ARV,Adult,SCMS from RDC,"Lamivudine/Zidovudine 150/300mg, tablets, 60 Tabs",Lamivudine/Zidovudine,Generic,150/300mg,Tablet - FDC,60,50000,472500.0,9.45,0.16,"Aurobindo Unit III, India",Yes,4655,2347.91,756.0
86611,104-CI-T30,FPQ-11254,SO-44142,DN-3359,Côte d'Ivoire,PMO - US,From RDC,N/A - From RDC,Truck,12/14/12,N/A - From RDC,20-Nov-13,4-Oct-13,29-Oct-13,ARV,Pediatric,SCMS from RDC,"Abacavir/Lamivudine 60/30mg, tablets, 30 Tabs",Abacavir/Lamivudine,Generic,60/30mg,Tablet - FDC,30,6000,24000.0,4.0,0.13,Mylan (formerly Matrix) Nashik,Yes,243,2180.32,29.69
86577,151-NG-T30,FPQ-11022,SO-43840,DN-3197,Nigeria,PMO - US,From RDC,N/A - From RDC,Air Charter,11/15/12,N/A - From RDC,31-May-13,28-May-13,28-May-13,ARV,Adult,SCMS from RDC,"Lopinavir/Ritonavir 200/50mg, tablets, 120 Tabs",Lopinavir/Ritonavir,Generic,200/50mg,Tablet,120,19000,413820.0,21.78,0.18,Hetero Unit III Hyderabad IN,No,See DN-3197 (ID#:84271),See DN-3197 (ID#:84271),511.9
12550,131-NG-T01,Pre-PQ Process,SO-15051,DN-1057,Nigeria,PMO - US,From RDC,N/A - From RDC,Air,Pre-PQ Process,N/A - From RDC,19-Jan-09,19-Jan-09,19-Jan-09,ARV,Adult,SCMS from RDC,"Efavirenz 600mg, tablets, 30 Tabs",Efavirenz,Generic,600mg,Tablet,30,14000,154000.0,11.0,0.37,"Aurobindo Unit III, India",Yes,1169,13538.35,301.84
82293,110-ZM-T30,FPQ-4273,SO-33690,DN-1643,Zambia,PMO - US,From RDC,N/A - From RDC,Truck,9/17/09,N/A - From RDC,15-Mar-10,5-Mar-10,5-Mar-10,ARV,Adult,SCMS from RDC,"Lamivudine/Nevirapine/Stavudine 150/200/30mg, tablets, 60 Tabs",Lamivudine/Nevirapine/Stavudine,Generic,150/200/30mg,Tablet - FDC,60,58097,375887.59,6.47,0.11,"Cipla, Goa, India",Yes,19451,16898.2,736.74
79810,101-CD-T30,FPQ-14654,SCMS-253260,ASN-28279,"Congo, DRC",PMO - US,Direct Drop,EXW,Air,8/11/14,8/27/14,4-Nov-14,4-Nov-14,20-Nov-14,HRDT,HIV test,"Trinity Biotech, Plc","HIV 1/2, Uni-Gold HIV Kit, 20 Tests","HIV 1/2, Uni-Gold HIV Kit",Uni-Gold,,Test kit,20,34,1088.0,32.0,1.6,"Trinity Biotech, Plc",No,See ASN-28279 (ID#:13547),See ASN-28279 (ID#:13547),1.12
6272,109-TZ-T01,Pre-PQ Process,SCMS-37790,ASN-3415,Tanzania,PMO - US,Direct Drop,EXW,Air,Pre-PQ Process,1/27/09,31-Mar-09,31-Mar-09,31-Mar-09,HRDT,HIV test,"Orgenics, Ltd","HIV 1/2, Determine Complete HIV Kit, 100 Tests","HIV 1/2, Determine Complete HIV Kit",Determine,,Test kit,100,1132,81504.0,72.0,0.72,Inverness Japan,Yes,337,4323.93,159.75
5279,108-VN-T01,Pre-PQ Process,SCMS-167,ASN-270,Vietnam,PMO - US,Direct Drop,EXW,Air,Pre-PQ Process,11/14/06,14-Mar-07,14-Mar-07,14-Mar-07,ARV,Adult,SUN PHARMACEUTICAL INDUSTRIES LTD (RANBAXY LABORATORIES LIMITED),"Lamivudine 150mg, tablets, 60 Tabs",Lamivudine,Generic,150mg,Tablet,60,98400,329640.0,3.35,0.06,"Ranbaxy, Paonta Shahib, India",Yes,4300,27923.26,
84149,109-TZ-T30,FPQ-8303,SO-40531,DN-2572,Tanzania,PMO - US,From RDC,N/A - From RDC,Truck,8/22/11,N/A - From RDC,11-Apr-12,11-Apr-12,11-Apr-12,ARV,Pediatric,SCMS from RDC,"Nevirapine 10mg/ml, oral suspension w/syringe, Bottle, 240 ml",Nevirapine,Generic,10mg/ml,Oral suspension,240,19026,37100.7,1.95,0.01,"Aurobindo Unit III, India",Yes,7096,3279.29,61.22
10940,109-TZ-T01,Pre-PQ Process,SO-1648,DN-559,Tanzania,PMO - US,From RDC,N/A - From RDC,Air,Pre-PQ Process,N/A - From RDC,25-Feb-08,25-Feb-08,25-Feb-08,ARV,Pediatric,SCMS from RDC,"Didanosine 100mg, chewable/dispersible tablets, 60 Tabs",Didanosine,Generic,100mg,Chewable/dispersible tablet,60,2273,17615.75,7.75,0.13,"Aurobindo Unit III, India",Yes,2749,10654.94,28.19
62662,105-SS-T30,FPQ-15569,SCMS-272160,ASN-31323,South Sudan,PMO - US,Direct Drop,EXW,Air,12/29/14,2/20/15,3-Jun-15,3-Jun-15,5-Jun-15,HRDT,HIV test - Ancillary,"Orgenics, Ltd","Capillary Tubes, for Determine, EDTA, 50uL,100 Pcs","HIV, Capillary Tubes, for Determine, EDTA, 50uL,100 Pcs",Determine,,Test kit - Ancillary,100,20,160.0,8.0,0.08,"Alere Medical Co., Ltd.",No,See ASN-31323 (ID#:14240),See ASN-31323 (ID#:14240),0.19
85520,109-TZ-T30,FPQ-13042,SO-46702,DN-3868,Tanzania,PMO - US,From RDC,N/A - From RDC,Truck,10/1/13,N/A - From RDC,29-Aug-14,29-Sep-14,6-Oct-14,ARV,Pediatric,SCMS from RDC,"Lamivudine/Nevirapine/Zidovudine 30/50/60mg, dispersible tablets, 60 Tabs",Lamivudine/Nevirapine/Zidovudine,Generic,30/50/60mg,Chewable/dispersible tablet - FDC,60,57859,215814.07,3.73,0.06,Mylan (formerly Matrix) Nashik,Yes,3090,17858.3,266.96
83486,106-HT-T30,FPQ-6801,SO-38620,DN-2114,Haiti,PMO - US,From RDC,N/A - From RDC,Air,12/14/10,N/A - From RDC,28-Feb-11,14-Feb-11,14-Feb-11,ARV,Pediatric,SCMS from RDC,"Abacavir 20mg/ml, oral solution w/syringe, Bottle, 240 ml",Abacavir,Generic,20mg/ml,Oral solution,240,544,7452.8,13.7,0.06,"Aurobindo Unit III, India",Yes,395,6555.75,12.3
60966,901-LR-T30,FPQ-8135,SCMS-118700,ASN-12267,Liberia,PMO - US,Direct Drop,EXW,Air,8/4/11,8/18/11,13-Oct-11,13-Oct-11,13-Oct-11,HRDT,HIV test,"Orgenics, Ltd","HIV 1/2, Determine Complete HIV Kit, 100 Tests","HIV 1/2, Determine Complete HIV Kit",Determine,,Test kit,100,695,55600.0,80.0,0.8,"Alere Medical Co., Ltd.",Yes,332,8738.06,91.74
80819,106-HT-T30,FPQ-14895,SCMS-261011,ASN-32760,Haiti,PMO - US,Direct Drop,EXW,Air,9/24/14,11/14/14,23-Jul-15,23-Jul-15,28-Jul-15,ARV,Adult,EMCURE PHARMACEUTICALS LTD,"Atazanavir/Ritonavir 300/100mg, tablets, 30 Tabs",Atazanavir/Ritonavir,Generic,300/100mg,Tablet,30,4846,87228.0,18.0,0.6,"Emcure Plot No.P-2, I.T-B.T. Park, Phase II, MIDC, Hinjwadi, Pune, India",Yes,Weight Captured Separately,Invoiced Separately,89.67
10823,107-RW-T01,Pre-PQ Process,SO-481,DN-100,Rwanda,PMO - US,From RDC,N/A - From RDC,Air,Pre-PQ Process,N/A - From RDC,14-May-07,14-May-07,14-May-07,ARV,Pediatric,SCMS from RDC,"Abacavir 20mg/ml, oral solution, Bottle, 240 ml",Abacavir,Generic,20mg/ml,Oral solution,240,90,1935.0,21.5,0.09,"Aurobindo Unit III, India",Yes,120,11609.31,
58111,161-ZA-T30,FPQ-6262,SCMS-83790,ASN-8904,South Africa,PMO - US,Direct Drop,DDP,Ocean,8/31/10,9/24/10,6-Jan-11,6-Jan-11,6-Jan-11,ARV,Pediatric,Aurobindo Pharma Limited,"Nevirapine 10mg/ml, oral suspension w/syringe, Bottle, 240 ml",Nevirapine,Generic,10mg/ml,Oral suspension,240,10702,22688.24,2.12,0.01,"Aurobindo Unit III, India",Yes,3967,8169.7,48.92
11018,106-HT-T01,Pre-PQ Process,SO-15950,DN-945,Haiti,PMO - US,From RDC,N/A - From RDC,Air,Pre-PQ Process,N/A - From RDC,27-Oct-08,27-Oct-08,27-Oct-08,ARV,Adult,SCMS from RDC,"Efavirenz 600mg, tablets, 30 Tabs",Efavirenz,Generic,600mg,Tablet,30,8192,90112.0,11.0,0.37,Mylan (formerly Matrix) Nashik,Yes,9516,101348.75,144.18
19014,111-MZ-T30,FPQ-14294,SCMS-247360,ASN-27769,Mozambique,PMO - US,Direct Drop,EXW,Air,5/15/14,7/30/14,10-Sep-14,10-Sep-14,3-Oct-14,HRDT,HIV test,"Orgenics, Ltd","HIV 1/2, Determine Complete HIV Kit, 100 Tests","HIV 1/2, Determine Complete HIV Kit",Determine,,Test kit,100,3173,253840.0,80.0,0.8,"Alere Medical Co., Ltd.",Yes,1287,9209,260.95
84065,105-GY-T30,FPQ-7128,SO-38840,DN-2129,Guyana,PMO - US,From RDC,N/A - From RDC,Air,2/4/11,N/A - From RDC,31-Mar-11,25-Mar-11,25-Mar-11,ARV,Adult,SCMS from RDC,"Zidovudine 300mg, tablets, 60 Tabs",Zidovudine,Generic,300mg,Tablet,60,1827,13172.67,7.21,0.12,"Aurobindo Unit III, India",No,See DN-2129 (ID#:83488),See DN-2129 (ID#:83488),21.73
9145,139-NA-T01,Pre-PQ Process,SCMS-44710,ASN-3897,Namibia,PMO - US,Direct Drop,EXW,Air,Pre-PQ Process,4/20/09,5-Jun-09,5-Jun-09,5-Jun-09,HRDT,HIV test,"Trinity Biotech, Plc","HIV 1/2, Uni-Gold HIV Kit, 20 Tests","HIV 1/2, Uni-Gold HIV Kit",Uni-Gold,,Test kit,20,600,19200.0,32.0,1.6,"Trinity Biotech, Plc",Yes,205,6148.29,37.63
11703,100-CI-T01,Pre-PQ Process,SO-283,DN-16,Côte d'Ivoire,PMO - US,From RDC,N/A - From RDC,,Pre-PQ Process,N/A - From RDC,22-Feb-07,22-Feb-07,22-Feb-07,ARV,Adult,SCMS from RDC,"Tenofovir Disoproxil Fumarate 300mg [Viread], tablets, 30 Tabs",Tenofovir Disoproxil Fumarate,Viread,300mg,Tablet,30,384,6528.0,17.0,0.57,Gilead(Nycomed) Oranienburg DE,No,See DN-16 (ID#:10540),See DN-16 (ID#:10540),
83373,154-NG-T30,FPQ-3815,SO-32260,DN-1452,Nigeria,PMO - US,From RDC,N/A - From RDC,Air Charter,5/26/09,N/A - From RDC,30-Oct-09,20-Oct-09,20-Oct-09,ARV,Adult,SCMS from RDC,"Lamivudine/Zidovudine 150/300mg, tablets, 60 Tabs",Lamivudine/Zidovudine,Generic,150/300mg,Tablet - FDC,60,422,3696.72,8.76,0.15,Mylan (formerly Matrix) Nashik,No,See DN-1452 (ID#:82272),See DN-1452 (ID#:82272),7.25
10703,119-NA-T01,Pre-PQ Process,SO-2349,DN-710,Namibia,PMO - US,From RDC,N/A - From RDC,Air,Pre-PQ Process,N/A - From RDC,10-Apr-08,10-Apr-08,10-Apr-08,ARV,Adult,SCMS from RDC,"Efavirenz 600mg, tablets, 30 Tabs",Efavirenz,Generic,600mg,Tablet,30,2100,25221.0,12.01,0.4,"Aurobindo Unit III, India",Yes,181,690.39,40.35
12788,106-HT-T01,Pre-PQ Process,SO-2053,DN-744,Haiti,PMO - US,From RDC,N/A - From RDC,Air,Pre-PQ Process,N/A - From RDC,2-Jun-08,2-Jun-08,2-Jun-08,ARV,Pediatric,SCMS from RDC,"Abacavir 20mg/ml, oral solution, Bottle, 240 ml",Abacavir,Generic,20mg/ml,Oral solution,240,224,3696.0,16.5,0.07,"Aurobindo Unit III, India",No,See DN-744 (ID#:10684),See DN-744 (ID#:10684),5.91
21033,110-ZM-T30,FPQ-13224,SCMS-215200,ASN-23390,Zambia,PMO - US,Direct Drop,FCA,Air,10/31/13,11/19/13,7-Feb-14,7-Feb-14,13-Feb-14,ARV,Pediatric,ABBVIE LOGISTICS (FORMERLY ABBOTT LOGISTICS BV),"Lopinavir/Ritonavir 80/20mg/ml [Kaletra], oral solution, cool, Bottle 5 x 60 ml",Lopinavir/Ritonavir,Kaletra,80/20mg/ml,Oral solution,300,2569,79176.58,30.82,0.1,ABBVIE (Abbott) Logis. UK,Yes,2410,14384.91,81.39
19924,106-HT-T30,FPQ-15102,SCMS-260780,ASN-31452,Haiti,PMO - US,Direct Drop,EXW,Air,10/10/14,11/5/14,5-May-15,5-May-15,11-May-15,HRDT,HIV test,"Orgenics, Ltd","HIV 1/2, Determine Complete HIV Kit, 100 Tests","HIV 1/2, Determine Complete HIV Kit",Determine,,Test kit,100,6302,630200.0,100.0,1.0,"Alere Medical Co., Ltd.",Yes,2557,21256.43,741.75
4045,109-TZ-T01,Pre-PQ Process,SCMS-10340,ASN-2700,Tanzania,PMO - US,Direct Drop,EXW,Air,Pre-PQ Process,9/17/08,19-Nov-08,19-Nov-08,19-Nov-08,HRDT,HIV test,"Standard Diagnostics, Inc.","HIV 1/2, Bioline 3.0 Kit, Lancets, Capillary pipets, Alcohol swabs included, 25 Tests","HIV 1/2, Bioline 3.0 Kit, Lancets, Capillary pipets, Alcohol swabs included",Bioline,,Test kit,25,10000,200000.0,20.0,0.8,"Standard Diagnostics, Korea",Yes,3112,22856.02,392.0
74936,108-VN-T30,FPQ-11560,SCMS-177620,ASN-20366,Vietnam,PMO - US,Direct Drop,EXW,Air,2/7/13,2/13/13,1-Aug-13,1-Aug-13,1-Aug-13,ARV,Adult,MYLAN LABORATORIES LTD (FORMERLY MATRIX LABORATORIES),"Efavirenz/Lamivudine/Tenofovir Disoproxil Fumarate 600/300/300mg, tablets, 30 Tabs",Efavirenz/Lamivudine/Tenofovir Disoproxil Fumarate,Generic,600/300/300mg,Tablet - FDC,30,46802,537754.98,11.49,0.38,Mylan (formerly Matrix) Nashik,Yes,5281,13625.75,665.2
30942,161-ZA-T30,FPQ-5648,SCMS-75480,ASN-8380,South Africa,PMO - US,Direct Drop,DDP,Air,6/2/10,6/17/10,13-Dec-10,13-Dec-10,13-Dec-10,ARV,Pediatric,Aurobindo Pharma Limited,"Nevirapine 10mg/ml, oral suspension w/syringe, Bottle, 240 ml",Nevirapine,Generic,10mg/ml,Oral suspension,240,9630,30334.5,3.15,0.01,"Aurobindo Unit III, India",Yes,3732,4876.34,65.4
25824,111-MZ-T30,FPQ-8116,SCMS-118370,ASN-12475,Mozambique,PMO - US,Direct Drop,EXW,Air,8/4/11,8/30/11,22-Nov-11,22-Nov-11,22-Nov-11,HRDT,HIV test,"Orgenics, Ltd","HIV 1/2, Determine HIV Kit, without Lancets, 100 Tests","HIV 1/2, Determine HIV Kit, without Lancets",Determine,,Test kit,100,7409,575679.3,77.7,0.78,Inverness Japan,Yes,1275,15873.44,949.87
20735,107-RW-T30,FPQ-8932,SCMS-129780,ASN-13341,Rwanda,PMO - US,Direct Drop,EXW,Ocean,12/6/11,12/13/11,13-Apr-12,13-Apr-12,13-Apr-12,ARV,Adult,Aurobindo Pharma Limited,"Lamivudine/Tenofovir Disoproxil Fumarate 300/300mg, tablets, 30 Tabs",Lamivudine/Tenofovir Disoproxil Fumarate,Generic,300/300mg,Tablet - FDC,30,132000,706200.0,5.35,0.18,"Aurobindo Unit VII, IN",Yes,12886,102761.99,990.09
11339,104-CI-T01,Pre-PQ Process,SO-32250,DN-1335,Côte d'Ivoire,PMO - US,From RDC,N/A - From RDC,Air,Date Not Captured,N/A - From RDC,16-Jul-09,16-Jul-09,16-Jul-09,ARV,Adult,SCMS from RDC,"Stavudine 15mg, capsules, 60 Caps",Stavudine,Generic,15mg,Capsule,60,296,444.0,1.5,0.02,"Aurobindo Unit III, India",No,See DN-1335 (ID#:11338),See DN-1335 (ID#:11338),0.87
82736,102-BI-T30,FPQ-14112,SO-48630,DN-3952,Burundi,PMO - US,From RDC,N/A - From RDC,Air,4/18/14,N/A - From RDC,31-Oct-14,15-Oct-14,28-Oct-14,ARV,Adult,SCMS from RDC,"Lamivudine/Zidovudine 150/300mg, tablets, 60 Tabs",Lamivudine/Zidovudine,Generic,150/300mg,Tablet - FDC,60,1428,9424.8,6.6,0.11,"Aurobindo Unit III, India",Yes,331,4218.74,9.69
3245,110-ZM-T01,Pre-PQ Process,SCMS-25790,ASN-2399,Zambia,PMO - US,Direct Drop,EXW,Air,Pre-PQ Process,6/20/08,26-Sep-08,26-Sep-08,26-Sep-08,HRDT,HIV test,"Trinity Biotech, Plc","HIV 1/2, Uni-Gold HIV Kit, 20 Tests","HIV 1/2, Uni-Gold HIV Kit",Uni-Gold,,Test kit,20,9000,288000.0,32.0,1.6,"Trinity Biotech, Plc",Yes,3000,34902.96,460.8
82934,104-CI-T30,FPQ-5925,SO-38470,DN-2107,Côte d'Ivoire,PMO - US,From RDC,N/A - From RDC,Air,6/23/10,N/A - From RDC,16-Feb-11,22-Feb-11,22-Feb-11,ARV,Adult,SCMS from RDC,"Zidovudine 300mg, tablets, 60 Tabs",Zidovudine,Generic,300mg,Tablet,60,12240,88250.4,7.21,0.12,"Aurobindo Unit III, India",Yes,671,8758.36,190.27
54661,102-MW-T30,FPQ-12745,SCMS-203140,ASN-22167,Malawi,PMO - US,Direct Drop,EXW,Air,8/1/13,9/4/13,30-Oct-13,30-Oct-13,14-Nov-13,HRDT,HIV test,"Orgenics, Ltd","HIV 1/2, Determine Complete HIV Kit, 100 Tests","HIV 1/2, Determine Complete HIV Kit",Determine,,Test kit,100,260,20800.0,80.0,0.8,"Alere Medical Co., Ltd.",Yes,109,2384.79,25.73
35488,133-NG-T30,FPQ-14995,SCMS-260700,ASN-29930,Nigeria,PMO - US,Direct Drop,EXW,Air,9/22/14,10/29/14,19-Jan-15,16-Jan-15,22-Jan-15,HRDT,HIV test,"Orgenics, Ltd","HIV 1/2, Determine Complete HIV Kit, 100 Tests","HIV 1/2, Determine Complete HIV Kit",Determine,,Test kit,100,3054,271806.0,89.0,0.89,"Alere Medical Co., Ltd.",Yes,1241,15994.73,279.42
45034,116-ZA-T30,FPQ-4054,SCMS-51260,ASN-4939,South Africa,PMO - US,Direct Drop,DDP,Truck,7/29/09,8/7/09,3-Sep-09,3-Sep-09,3-Sep-09,ARV,Adult,S. BUYS WHOLESALER,"Ritonavir 100mg [Norvir], capsules, cool, 84 Caps",Ritonavir,Norvir,100mg,Capsule,84,40,431.92,10.8,0.13,ABBVIE (Abbott) Logis. UK,Yes,Weight Captured Separately,Freight Included in Commodity Cost,0.85
85138,104-CI-T30,FPQ-5623,SO-36890,DN-1984,Côte d'Ivoire,PMO - US,From RDC,N/A - From RDC,Air,5/7/10,N/A - From RDC,31-Aug-10,23-Aug-10,23-Aug-10,ARV,Adult,SCMS from RDC,"Lamivudine/Stavudine 150/30mg, tablets, 60 Tabs",Lamivudine/Stavudine,Generic,150/30mg,Tablet - FDC,60,441,1446.48,3.28,0.05,"Strides, Bangalore, India.",No,See DN-1984 (ID#:83453),See DN-1984 (ID#:83453),3.12
32111,117-ET-T30,FPQ-9210,SCMS-134750,ASN-14234,Ethiopia,PMO - US,Direct Drop,EXW,Air,1/18/12,1/23/12,27-Mar-12,27-Mar-12,27-Mar-12,HRDT,HIV test,"CHEMBIO DIAGNOSTIC SYSTEMS, INC.","HIV 1/2, Stat-Pak HIV, Kit, 20 Tests","HIV 1/2, Stat-Pak HIV, Kit",Stat-Pak,,Test kit,20,121,3509.0,29.0,1.45,Chembio Diagnostics Sys. Inc.,Yes,42,354.59,4.92
78261,900-UG-T30,FPQ-10089,SCMS-149400,ASN-15431,Uganda,PMO - US,Direct Drop,EXW,Air,6/7/12,6/12/12,18-Jul-12,18-Jul-12,18-Jul-12,ARV,Adult,Aurobindo Pharma Limited,"Lopinavir/Ritonavir 200/50mg, tablets, 120 Tabs",Lopinavir/Ritonavir,Generic,200/50mg,Tablet,120,15321,390685.5,25.5,0.21,"Aurobindo Unit III, India",Yes,3888,17405.65,547.74
84312,104-CI-T30,FPQ-12800,SO-46370,DN-3470,Côte d'Ivoire,PMO - US,From RDC,N/A - From RDC,Air,8/9/13,N/A - From RDC,16-Dec-13,16-Dec-13,20-Jan-14,ARV,Pediatric,SCMS from RDC,"Lamivudine/Nevirapine/Zidovudine 30/50/60mg, dispersible tablets, 60 Tabs",Lamivudine/Nevirapine/Zidovudine,Generic,30/50/60mg,Chewable/dispersible tablet - FDC,60,5800,22562.0,3.89,0.06,"Strides, Bangalore, India.",Yes,248,2431.36,27.91
37994,103-ML-T30,FPQ-15006,SCMS-260760,ASN-30806,Mali,PMO - US,Direct Drop,EXW,Air,10/7/14,11/19/14,4-Apr-15,4-Apr-15,11-May-15,HRDT,HIV test,"Orgenics, Ltd","HIV 1/2, Determine Complete HIV Kit, 100 Tests","HIV 1/2, Determine Complete HIV Kit",Determine,,Test kit,100,434,34720.0,80.0,0.8,"Alere Medical Co., Ltd.",Yes,169,4498.98,35.69
2947,108-VN-T01,Pre-PQ Process,SCMS-14930,ASN-1231,Vietnam,PMO - US,Direct Drop,EXW,Air,Pre-PQ Process,12/5/07,22-Jan-08,22-Jan-08,22-Jan-08,ARV,Adult,Aurobindo Pharma Limited,"Stavudine 15mg, capsules, 60 Caps",Stavudine,Generic,15mg,Capsule,60,400,600.0,1.5,0.02,"Aurobindo Unit III, India",Yes,83,2426.05,0.96
86643,109-TZ-T30,FPQ-12587,SO-45996,DN-3499,Tanzania,PMO - US,From RDC,N/A - From RDC,Truck,7/4/13,N/A - From RDC,31-Jan-14,12-Mar-14,17-Mar-14,ARV,Pediatric,SCMS from RDC,"Nevirapine 10mg/ml, oral suspension w/syringe, Bottle, 100 ml",Nevirapine,Generic,10mg/ml,Oral suspension,100,20000,26000.0,1.3,0.01,"Aurobindo Unit III, India",Yes,3920,6010.2,32.16
24285,116-ZA-T30,FPQ-13973,SCMS-238554,ASN-28627,South Africa,PMO - US,Direct Drop,DDP,Truck,4/30/14,10/3/14,3-Oct-14,3-Oct-14,3-Oct-14,ARV,Adult,PHARMACY DIRECT,"Didanosine 250mg, delayed-release capsules, 30 Caps",Didanosine,Generic,250mg,Delayed-release capsules,30,1,15.25,15.25,0.51,"Aurobindo Unit III, India",No,Weight Captured Separately,Freight Included in Commodity Cost,0.02
84372,102-BI-T30,FPQ-12602,SO-46023,DN-3739,Burundi,PMO - US,From RDC,N/A - From RDC,Air,7/9/13,N/A - From RDC,16-Jun-14,4-Jun-14,9-Jul-14,ARV,Adult,SCMS from RDC,"Lopinavir/Ritonavir 200/50mg, tablets, 120 Tabs",Lopinavir/Ritonavir,Generic,200/50mg,Tablet,120,112,2207.52,19.71,0.16,Mylan (formerly Matrix) Nashik,No,See DN-3739 (ID#:83804),See DN-3739 (ID#:83804),2.73
11802,104-CI-T01,Pre-PQ Process,SO-1105,DN-393,Côte d'Ivoire,PMO - US,From RDC,N/A - From RDC,Air,Pre-PQ Process,N/A - From RDC,22-Nov-07,22-Nov-07,22-Nov-07,ARV,Pediatric,SCMS from RDC,"Zidovudine 10mg/ml, oral solution, Bottle, 240 ml",Zidovudine,Generic,10mg/ml,Oral solution,240,6777,14570.55,2.15,0.01,"Aurobindo Unit III, India",Yes,2510,23907.05,23.31
86522,109-TZ-T30,FPQ-9774,SO-42650,DN-2883,Tanzania,PMO - US,From RDC,N/A - From RDC,Truck,5/2/12,N/A - From RDC,30-Nov-12,31-Oct-12,31-Oct-12,ARV,Adult,SCMS from RDC,"Emtricitabine/Tenofovir Disoproxil Fumarate 200/300mg, tablets, 30 Tabs",Emtricitabine/Tenofovir Disoproxil Fumarate,Generic,200/300mg,Tablet - FDC,30,43040,283633.6,6.59,0.22,Mylan (formerly Matrix) Nashik,No,See DN-2883 (ID#:83630),See DN-2883 (ID#:83630),397.65
28302,116-ZA-T30,FPQ-14942,SCMS-259079,ASN-33852,South Africa,PMO - US,Direct Drop,DDP,Truck,9/11/14,10/9/14,24-Aug-15,24-Aug-15,24-Aug-15,ARV,Adult,PHARMACY DIRECT,"Efavirenz 600mg, tablets, 30 Tabs",Efavirenz,Generic,600mg,Tablet,30,44,532.12,12.09,0.4,"Aurobindo Unit III, India",No,Weight Captured Separately,Freight Included in Commodity Cost,0.55
77565,900-CM-T30,FPQ-10654,SCMS-161720,ASN-17261,Cameroon,PMO - US,Direct Drop,EXW,Air,9/20/12,10/8/12,19-Dec-12,19-Dec-12,19-Dec-12,ARV,Adult,MYLAN LABORATORIES LTD (FORMERLY MATRIX LABORATORIES),"Efavirenz/Lamivudine/Tenofovir Disoproxil Fumarate 600/300/300mg, tablets, 30 Tabs",Efavirenz/Lamivudine/Tenofovir Disoproxil Fumarate,Generic,600/300/300mg,Tablet - FDC,30,26204,314185.96,11.99,0.4,Mylan (formerly Matrix) Nashik,Yes,3176,27939.91,440.49
42094,116-ZA-T30,FPQ-13035,SCMS-215370,ASN-24415,South Africa,PMO - US,Direct Drop,DDP,Truck,10/8/13,12/2/13,6-Feb-14,6-Feb-14,6-Feb-14,ARV,Adult,S. BUYS WHOLESALER,"Stavudine 30mg, capsules, 60 Caps",Stavudine,Generic,30mg,Capsule,60,1022,3808.14,3.73,0.06,"Aurobindo Unit III, India",No,Weight Captured Separately,Freight Included in Commodity Cost,4.71
30130,109-TZ-T30,FPQ-14049,SCMS-239380,ASN-27718,Tanzania,PMO - US,Direct Drop,FCA,Air,4/11/14,5/16/14,2-Oct-14,2-Oct-14,3-Oct-14,ARV,Pediatric,ABBVIE LOGISTICS (FORMERLY ABBOTT LOGISTICS BV),"Lopinavir/Ritonavir 100/25mg [Aluvia], tablets, 60 Tabs",Lopinavir/Ritonavir,Generic,100/25mg,Tablet,60,546,3243.24,5.94,0.1,ABBVIE Ludwigshafen Germany,No,See ASN-27718 (ID#:24358),See ASN-27718 (ID#:24358),3.33
530,108-VN-T01,Pre-PQ Process,SCMS-23450,ASN-2336,Vietnam,PMO - US,Direct Drop,EXW,Air,Pre-PQ Process,5/14/08,19-Sep-08,19-Sep-08,19-Sep-08,ARV,Adult,MYLAN LABORATORIES LTD (FORMERLY MATRIX LABORATORIES),"Tenofovir Disoproxil Fumarate 300mg, tablets, 30 Tabs",Tenofovir Disoproxil Fumarate,Generic,300mg,Tablet,30,1344,18359.04,13.66,0.46,Mylan (formerly Matrix) Nashik,Yes,1537,13507.92,29.37
18494,117-ET-T30,FPQ-9096,SCMS-133400,ASN-14924,Ethiopia,PMO - US,Direct Drop,EXW,Air,1/5/12,1/23/12,18-May-12,18-May-12,18-May-12,HRDT,HIV test,"SHANGHAI KEHUA BIOENGINEERING CO.,LTD.  (KHB)","HIV 1/2, SKB Colloidal Gold, Diagnostic Kit, Antibody, 50 Tests","HIV 1/2, Colloidal Gold, Diagnostic Kit, Antibody",Colloidal Gold,,Test kit,1,175,4287.5,24.5,24.5,"KHB Test Kit Facility, Shanghai China",Yes,128,1584.09,6.01
83964,106-HT-T30,FPQ-4469,SO-34240,DN-1530,Haiti,PMO - US,From RDC,N/A - From RDC,Air,9/23/09,N/A - From RDC,30-Nov-09,30-Nov-09,30-Nov-09,ARV,Adult,SCMS from RDC,"Stavudine 20mg, capsules, 60 Caps",Stavudine,Generic,20mg,Capsule,60,108,180.36,1.67,0.03,"Aurobindo Unit III, India",Yes,1857,11091.78,0.39
56332,104-CI-T30,FPQ-13622,SCMS-228860,ASN-25486,Côte d'Ivoire,PMO - US,Direct Drop,EXW,Air,1/23/14,3/3/14,29-Apr-14,29-Apr-14,2-May-14,ARV,Adult,Aurobindo Pharma Limited,"Didanosine 250mg, delayed-release capsules, 30 Caps",Didanosine,Generic,250mg,Delayed-release capsules,30,1200,9096.0,7.58,0.25,"Aurobindo Unit III, India",Yes,96,1510.05,9.35
18182,116-ZA-T30,FPQ-14942,SCMS-259073,ASN-30671,South Africa,PMO - US,Direct Drop,DDP,Truck,9/11/14,2/12/15,12-Feb-15,12-Feb-15,12-Feb-15,ARV,Adult,PHARMACY DIRECT,"Lamivudine/Zidovudine 150/300mg, tablets, 60 Tabs",Lamivudine/Zidovudine,Generic,150/300mg,Tablet - FDC,60,19,407.56,21.45,0.36,"Aurobindo Unit III, India",Yes,Weight Captured Separately,Freight Included in Commodity Cost,0.42
84179,151-NG-T30,FPQ-9432,SO-41681,DN-2727,Nigeria,PMO - US,From RDC,N/A - From RDC,Air Charter,3/1/12,N/A - From RDC,2-Aug-12,9-Jul-12,9-Jul-12,ARV,Adult,SCMS from RDC,"Nevirapine 200mg, tablets, 60 Tabs",Nevirapine,Generic,200mg,Tablet,60,37844,92339.36,2.44,0.04,Hetero Unit III Hyderabad IN,No,See DN-2727 (ID#:83053),See DN-2727 (ID#:83053),129.46
75522,108-VN-T30,FPQ-12539,SCMS-210820,ASN-23668,Vietnam,PMO - US,Direct Drop,EXW,Air,7/11/13,10/14/13,21-Jan-14,21-Jan-14,21-Jan-14,ARV,Adult,HETERO LABS LIMITED,"Efavirenz 600mg, tablets, 30 Tabs",Efavirenz,Generic,600mg,Tablet,30,11517,37315.08,3.24,0.11,Hetero Unit III Hyderabad IN,Yes,1006,3001.35,46.16
65799,116-ZA-T30,FPQ-12522,SCMS-199289,ASN-28033,South Africa,PMO - US,Direct Drop,DDP,Truck,7/11/13,8/29/14,29-Aug-14,29-Aug-14,29-Aug-14,ARV,Adult,S. BUYS WHOLESALER,"Lamivudine/Zidovudine 150/300mg, tablets, 60 Tabs",Lamivudine/Zidovudine,Generic,150/300mg,Tablet - FDC,60,206,6746.05,32.75,0.55,Hetero Unit III Hyderabad IN,No,Weight Captured Separately,Freight Included in Commodity Cost,8.34
73918,113-ZW-T30,FPQ-7521,SCMS-108000,ASN-12247,Zimbabwe,PMO - US,Direct Drop,EXW,Air,4/7/11,5/5/11,19-Oct-11,19-Oct-11,19-Oct-11,HRDT,HIV test,"Orgenics, Ltd","HIV 1/2, Determine Complete HIV Kit, 100 Tests","HIV 1/2, Determine Complete HIV Kit",Determine,,Test kit,100,2499,199920.0,80.0,0.8,Inverness Japan,Yes,1191,23808.37,329.87
3848,108-VN-T01,Pre-PQ Process,SCMS-45020,ASN-4403,Vietnam,PMO - US,Direct Drop,EXW,Air,Pre-PQ Process,4/29/09,3-Aug-09,3-Aug-09,3-Aug-09,ARV,Adult,MYLAN LABORATORIES LTD (FORMERLY MATRIX LABORATORIES),"Efavirenz 600mg, tablets, 30 Tabs",Efavirenz,Generic,600mg,Tablet,30,6552,42588.0,6.5,0.22,Mylan (formerly Matrix) Nashik,Yes,524,4453.71,83.47
78839,108-VN-T30,FPQ-12051,SCMS-188651,ASN-24041,Vietnam,PMO - US,Direct Drop,EXW,Air,5/3/13,11/28/13,30-May-14,30-May-14,31-May-14,ARV,Adult,MYLAN LABORATORIES LTD (FORMERLY MATRIX LABORATORIES),"Tenofovir Disoproxil Fumarate 300mg, tablets, 30 Tabs",Tenofovir Disoproxil Fumarate,Generic,300mg,Tablet,30,12000,48000.0,4.0,0.13,Mylan (formerly Matrix) Nashik,No,See ASN-24041 (ID#:34062),See ASN-24041 (ID#:34062),59.38
56637,104-CI-T30,FPQ-11294,SCMS-173120,ASN-19921,Côte d'Ivoire,PMO - US,Direct Drop,EXW,Air,12/14/12,1/15/13,24-Jun-13,24-Jun-13,24-Jun-13,HRDT,HIV test,"CHEMBIO DIAGNOSTIC SYSTEMS, INC.","HIV 1/2, Stat-Pak HIV, Kit, 20 Tests","HIV 1/2, Stat-Pak HIV, Kit",Stat-Pak,,Test kit,20,2000,58000.0,29.0,1.45,Chembio Diagnostics Sys. Inc.,Yes,576,7168.62,71.75
12625,102-NG-T01,Pre-PQ Process,SO-131,DN-1,Nigeria,PMO - US,From RDC,N/A - From RDC,,Pre-PQ Process,N/A - From RDC,20-Sep-06,13-Jul-06,13-Jul-06,HRDT,HIV test,SCMS from RDC,"HIV 1/2, Stat-Pak HIV, Kit, 20 Tests","HIV 1/2, Stat-Pak HIV, Kit",Stat-Pak,,Test kit,20,50000,67500.0,1.35,0.07,Chembio Diagnostics Sys. Inc.,Yes,712,Freight Included in Commodity Cost,
17844,116-ZA-T30,FPQ-14942,SCMS-259075,ASN-32138,South Africa,PMO - US,Direct Drop,DDP,Truck,9/11/14,5/11/15,12-May-15,12-May-15,12-May-15,ARV,Adult,PHARMACY DIRECT,"Didanosine 400mg, delayed-release capsules, 30 Caps",Didanosine,Generic,400mg,Delayed-release capsules,30,3,42.65,14.22,0.47,"Aurobindo Unit III, India",No,Weight Captured Separately,Freight Included in Commodity Cost,0.04
37775,116-ZA-T30,FPQ-3596,SCMS-50372,ASN-6124,South Africa,PMO - US,Direct Drop,DDP,Truck,5/7/09,9/22/09,27-Jan-10,27-Jan-10,27-Jan-10,ARV,Adult,S. BUYS WHOLESALER,"Stavudine 30mg, capsules, 60 Caps",Stavudine,Generic,30mg,Capsule,60,8000,36968.24,4.62,0.08,"Aurobindo Unit III, India",Yes,Weight Captured Separately,Freight Included in Commodity Cost,72.46
12320,110-ZM-T01,Pre-PQ Process,SO-32850,DN-1432,Zambia,PMO - US,From RDC,N/A - From RDC,Truck,Date Not Captured,N/A - From RDC,2-Oct-09,2-Oct-09,2-Oct-09,ARV,Adult,SCMS from RDC,"Lamivudine/Nevirapine/Stavudine 150/200/30mg, tablets, 60 Tabs",Lamivudine/Nevirapine/Stavudine,Generic,150/200/30mg,Tablet - FDC,60,61520,438022.4,7.12,0.12,"Cipla, Goa, India",Yes,23888,13518.56,858.52
69701,108-VN-T30,FPQ-13524,SCMS-226220,ASN-26923,Vietnam,PMO - US,Direct Drop,EXW,Air,2/6/14,3/10/14,29-Jul-14,29-Jul-14,6-Aug-14,ARV,Adult,HETERO LABS LIMITED,"Zidovudine 300mg, tablets, 60 Tabs",Zidovudine,Generic,300mg,Tablet,60,300,1650.0,5.5,0.09,Hetero Unit III Hyderabad IN,No,See ASN-26923 (ID#:13027),See ASN-26923 (ID#:13027),1.7
75682,114-UG-T30,FPQ-9365,SCMS-143490,ASN-14880,Uganda,PMO - US,Direct Drop,DDP,Air,3/15/12,4/17/12,18-May-12,18-May-12,18-May-12,ARV,Adult,ASPEN PHARMACARE,"Darunavir 300mg [Prezista], tablets, 120 Tabs",Darunavir,Prezista,300mg,Tablet,120,252,16783.2,66.6,0.55,"Aspen-OSD, Port Elizabeth, SA",No,See ASN-14880 (ID#:25423),See ASN-14880 (ID#:25423),23.53
84657,109-TZ-T30,FPQ-6713,SO-38160,DN-2261,Tanzania,PMO - US,From RDC,N/A - From RDC,Truck,12/2/10,N/A - From RDC,28-Apr-11,15-Jul-11,15-Jul-11,ARV,Adult,SCMS from RDC,"Efavirenz/Emtricitabine/Tenofovir Disoproxil Fumarate 600/200/300mg, tablets, 30 Tabs",Efavirenz/Emtricitabine/Tenofovir Disoproxil Fumarate,Generic,600/200/300mg,Tablet - FDC,30,54375,1083150.0,19.92,0.66,Mylan (formerly Matrix) Nashik,Yes,11129,13838.17,1787.2
81579,103-KE-T30,FPQ-10018,SCMS-149610,ASN-15670,Kenya,PMO - US,Direct Drop,EXW,Air,6/5/12,6/14/12,9-Jul-12,30-Jul-12,30-Jul-12,HRDT,HIV test,"Orgenics, Ltd","HIV 1/2, Determine Complete HIV Kit, 100 Tests","HIV 1/2, Determine Complete HIV Kit",Determine,,Test kit,100,4,356.0,89.0,0.89,"Alere Medical Co., Ltd.",Yes,1413,15387.63,0.5
85122,151-NG-T30,FPQ-4537,SO-35055,DN-1855,Nigeria,PMO - US,From RDC,N/A - From RDC,Air,11/6/09,N/A - From RDC,31-May-10,18-May-10,18-May-10,ARV,Adult,SCMS from RDC,"Lamivudine/Zidovudine 150/300mg, tablets, 60 Tabs",Lamivudine/Zidovudine,Generic,150/300mg,Tablet - FDC,60,176143,1543012.68,8.76,0.15,Hetero Unit III Hyderabad IN,Yes,15200,9735.95,3326.74
83476,117-ET-T30,FPQ-6428,SO-38100,DN-2075,Ethiopia,PMO - US,From RDC,N/A - From RDC,Air,9/24/10,N/A - From RDC,15-Dec-10,9-Dec-10,9-Dec-10,ARV,Adult,SCMS from RDC,"Tenofovir Disoproxil Fumarate 300mg, tablets, 30 Tabs",Tenofovir Disoproxil Fumarate,Generic,300mg,Tablet,30,1440,10512.0,7.3,0.24,Mylan (formerly Matrix) Nashik,Yes,88,1842.95,22.66
83085,107-RW-T30,FPQ-9969,SO-42430,DN-2885,Rwanda,PMO - US,From RDC,N/A - From RDC,Air,5/25/12,N/A - From RDC,31-Oct-12,30-Oct-12,30-Oct-12,ARV,Adult,SCMS from RDC,"Efavirenz/Lamivudine/Tenofovir Disoproxil Fumarate 600/300/300mg, tablets, 30 Tabs",Efavirenz/Lamivudine/Tenofovir Disoproxil Fumarate,Generic,600/300/300mg,Tablet - FDC,30,3234,42915.18,13.27,0.44,Mylan (formerly Matrix) Nashik,No,See DN-2885 (ID#:82518),See DN-2885 (ID#:82518),60.17
45652,116-ZA-T30,FPQ-11828,SCMS-183950,ASN-19166,South Africa,South Africa Field Office,Direct Drop,DDP,Truck,3/18/13,Date Not Captured,16-Apr-13,16-Apr-13,16-Apr-13,ARV,Adult,S. BUYS WHOLESALER,"Emtricitabine/Tenofovir Disoproxil Fumarate 200/300mg, tablets, 30 Tabs",Emtricitabine/Tenofovir Disoproxil Fumarate,Generic,200/300mg,Tablet - FDC,30,3,91.69,30.56,1.02,"Aurobindo Unit III, India",No,Weight Captured Separately,Freight Included in Commodity Cost,0.11
59074,116-ZA-T30,FPQ-13973,SCMS-238552,ASN-27606,South Africa,PMO - US,Direct Drop,DDP,Truck,4/30/14,8/5/14,5-Aug-14,5-Aug-14,5-Aug-14,ARV,Adult,PHARMACY DIRECT,"Tenofovir Disoproxil Fumarate 300mg, tablets, 30 Tabs",Tenofovir Disoproxil Fumarate,Generic,300mg,Tablet,30,73,1319.03,18.07,0.6,Mylan (formerly Matrix) Nashik,No,Weight Captured Separately,Freight Included in Commodity Cost,1.36
84106,111-MZ-T30,FPQ-7053,SO-38635,DN-2325,Mozambique,PMO - US,From RDC,N/A - From RDC,Truck,1/24/11,N/A - From RDC,13-Oct-11,13-Oct-11,13-Oct-11,ARV,Adult,SCMS from RDC,"Efavirenz 600mg, tablets, 30 Tabs",Efavirenz,Generic,600mg,Tablet,30,19242,81201.24,4.22,0.14,Hetero Unit III Hyderabad IN,No,See DN-2325 (ID#:82975),See DN-2325 (ID#:82975),133.98
83407,151-NG-T30,FPQ-4537,SO-35075,DN-1690,Nigeria,PMO - US,From RDC,N/A - From RDC,Air Charter,11/6/09,N/A - From RDC,19-Apr-10,31-Mar-10,31-Mar-10,ARV,Adult,SCMS from RDC,"Emtricitabine/Tenofovir Disoproxil Fumarate 200/300mg, tablets, 30 Tabs",Emtricitabine/Tenofovir Disoproxil Fumarate,Generic,200/300mg,Tablet - FDC,30,11807,138732.25,11.75,0.39,Mylan (formerly Matrix) Nashik,Yes,952,Freight Included in Commodity Cost,299.11
55894,151-NG-T30,FPQ-14780,SCMS-254171,ASN-32962,Nigeria,PMO - US,Direct Drop,EXW,Air,8/13/14,8/29/14,23-Jul-15,23-Jul-15,28-Jul-15,ARV,Adult,EMCURE PHARMACEUTICALS LTD,"Atazanavir/Ritonavir 300/100mg, tablets, 30 Tabs",Atazanavir/Ritonavir,Generic,300/100mg,Tablet,30,9070,163260.0,18.0,0.6,"Emcure Plot No.P-2, I.T-B.T. Park, Phase II, MIDC, Hinjwadi, Pune, India",Yes,Weight Captured Separately,Invoiced Separately,167.83
85041,103-ZW-T30,FPQ-15197,SO-50020,DN-4307,Zimbabwe,PMO - US,From RDC,N/A - From RDC,Truck,10/16/14,N/A - From RDC,31-Jul-15,15-Jul-15,20-Jul-15,ARV,Pediatric,SCMS from RDC,"Lamivudine/Zidovudine 30/60mg, dispersible tablets, 60 Tabs",Lamivudine/Zidovudine,Generic,30/60mg,Chewable/dispersible tablet - FDC,60,2741,5454.59,1.99,0.03,"Mylan,  H-12 & H-13, India",No,See DN-4307 (ID#:83920),See DN-4307 (ID#:83920),6.42
7939,106-HT-T01,Pre-PQ Process,SCMS-75,ASN-75,Haiti,PMO - US,Direct Drop,DDP,Air,Pre-PQ Process,Date Not Captured,15-Sep-06,15-Sep-06,15-Sep-06,HRDT,HIV test,REINBOLD EXPORT IMPORT,"HIV 1/2, Determine Complete HIV Kit, 100 Tests","HIV 1/2, Determine Complete HIV Kit",Determine,,Test kit,100,150,22500.0,150.0,1.5,ABBVIE (Abbott) Japan Co. Ltd.,Yes,Weight Captured Separately,Freight Included in Commodity Cost,
11554,111-MZ-T01,Pre-PQ Process,SO-1876,DN-707,Mozambique,PMO - US,From RDC,N/A - From RDC,Air,Pre-PQ Process,N/A - From RDC,22-May-08,22-May-08,22-May-08,ARV,Adult,SCMS from RDC,"Lamivudine/Nevirapine/Stavudine 150/200/30mg, tablets, 60 Tabs",Lamivudine/Nevirapine/Stavudine,Generic,150/200/30mg,Tablet - FDC,60,39000,288600.0,7.4,0.12,"Cipla, Goa, India",Yes,7719,6260.71,461.76
50752,103-ML-T30,FPQ-15006,SCMS-260740,ASN-30241,Mali,PMO - US,Direct Drop,EXW,Air,10/7/14,11/19/14,18-Feb-15,18-Feb-15,25-Feb-15,HRDT,HIV test,"Orgenics, Ltd","HIV 1/2, Determine Complete HIV Kit, 100 Tests","HIV 1/2, Determine Complete HIV Kit",Determine,,Test kit,100,150,12000.0,80.0,0.8,"Alere Medical Co., Ltd.",Yes,66,2572.91,12.34
6623,110-ZM-T01,Pre-PQ Process,SCMS-162,ASN-115,Zambia,PMO - US,Direct Drop,CIP,Air,Pre-PQ Process,Date Not Captured,5-Dec-06,5-Dec-06,5-Dec-06,ARV,Pediatric,INTERNATIONAL HEALTHCARE DISTRIBUTORS,"Lopinavir/Ritonavir 80/20mg/ml [Kaletra], oral solution, cool, Bottle 5 x 60 ml",Lopinavir/Ritonavir,Kaletra,80/20mg/ml,Oral solution,300,70,2877.0,41.1,0.14,ABBVIE (Abbott) Logis. UK,Yes,57,Freight Included in Commodity Cost,
82417,104-CI-T30,FPQ-8295,SO-40780,DN-2421,Côte d'Ivoire,PMO - US,From RDC,N/A - From RDC,Truck,8/25/11,N/A - From RDC,15-Dec-11,19-Nov-11,19-Nov-11,ARV,Adult,SCMS from RDC,"Lamivudine 150mg, tablets, 60 Tabs",Lamivudine,Generic,150mg,Tablet,60,8100,18873.0,2.33,0.04,"Aurobindo Unit III, India",Yes,387,3296.34,31.14
68872,114-UG-T30,FPQ-9923,SCMS-149960,ASN-16320,Uganda,PMO - US,Direct Drop,EXW,Air,5/28/12,6/26/12,21-Sep-12,21-Sep-12,21-Sep-12,ARV,Adult,MYLAN LABORATORIES LTD (FORMERLY MATRIX LABORATORIES),"Atazanavir/Ritonavir 300/100mg, tablets, 30 Tabs",Atazanavir/Ritonavir,Generic,300/100mg,Tablet,30,1262,28395.0,22.5,0.75,Mylan (formerly Matrix) Nashik,Yes,173,935.89,39.81
83031,113-ZW-T30,FPQ-8464,SO-40861,DN-2655,Zimbabwe,PMO - US,From RDC,N/A - From RDC,Truck,10/4/11,N/A - From RDC,31-May-12,25-May-12,25-May-12,ARV,Adult,SCMS from RDC,"Lamivudine/Tenofovir Disoproxil Fumarate 300/300mg, tablets, 30 Tabs",Lamivudine/Tenofovir Disoproxil Fumarate,Generic,300/300mg,Tablet - FDC,30,78082,432574.28,5.54,0.18,Mylan (formerly Matrix) Nashik,No,See DN-2655 (ID#:82474),See DN-2655 (ID#:82474),713.75
48825,108-VN-T30,FPQ-15692,SCMS-281670,ASN-32017,Vietnam,PMO - US,Direct Drop,EXW,Air,1/28/15,3/19/15,13-Jul-15,13-Jul-15,14-Jul-15,ARV,Adult,HETERO LABS LIMITED,"Tenofovir Disoproxil Fumarate 300mg, tablets, 30 Tabs",Tenofovir Disoproxil Fumarate,Generic,300mg,Tablet,30,22700,71505.0,3.15,0.1,Hetero Unit III Hyderabad IN,Yes,Weight Captured Separately,Invoiced Separately,84.16
84333,111-MZ-T30,FPQ-12416,SO-45898,DN-3537,Mozambique,PMO - US,From RDC,N/A - From RDC,Truck,6/28/13,N/A - From RDC,28-Feb-14,19-Feb-14,19-Mar-14,ARV,Adult,SCMS from RDC,"Lamivudine/Nevirapine/Zidovudine 150/200/300mg, tablets, 60 Tabs",Lamivudine/Nevirapine/Zidovudine,Generic,150/300/200mg,Tablet - FDC,60,164250,1409265.0,8.58,0.14,"Strides, Bangalore, India.",Yes,19164,14509.09,1743.26
5801,116-ZA-T01,Pre-PQ Process,SCMS-23500,ASN-2293,South Africa,PMO - US,Direct Drop,DDP,Truck,Pre-PQ Process,Date Not Captured,20-Aug-08,8-May-08,8-May-08,ARV,Adult,S. BUYS WHOLESALER,"Tenofovir Disoproxil Fumarate 300mg [Viread], tablets, 30 Tabs",Tenofovir Disoproxil Fumarate,Viread,300mg,Tablet,30,30,738.3,24.61,0.82,Gilead(Nycomed) Oranienburg DE,No,Weight Captured Separately,Freight Included in Commodity Cost,1.18
84455,102-ZW-T30,FPQ-15196,SO-50000,DN-4156,Zimbabwe,PMO - US,From RDC,N/A - From RDC,Truck,10/16/14,N/A - From RDC,30-Apr-15,17-Mar-15,18-Mar-15,ARV,Adult,SCMS from RDC,"Efavirenz/Lamivudine/Tenofovir Disoproxil Fumarate 600/300/300mg, tablets, 30 Tabs",Efavirenz/Lamivudine/Tenofovir Disoproxil Fumarate,Generic,600/300/300mg,Tablet - FDC,30,94661,908745.6,9.6,0.32,Mylan (formerly Matrix) Nashik,No,See DN-4156 (ID#:83893),See DN-4156 (ID#:83893),1069.59
84747,104-CI-T30,FPQ-9063,SO-41360,DN-2816,Côte d'Ivoire,PMO - US,From RDC,N/A - From RDC,Truck,12/21/11,N/A - From RDC,2-Oct-12,27-Aug-12,27-Aug-12,ARV,Adult,SCMS from RDC,"Lamivudine/Nevirapine/Zidovudine 150/200/300mg, tablets, 60 Tabs",Lamivudine/Nevirapine/Zidovudine,Generic,150/300/200mg,Tablet - FDC,60,75000,735750.0,9.81,0.16,Mylan (formerly Matrix) Nashik,Yes,14413,11874.85,1031.52
23466,107-RW-T30,FPQ-3859,SCMS-48890,ASN-6725,Rwanda,PMO - US,Direct Drop,CIP,Air,6/30/09,7/16/09,26-Apr-10,26-Apr-10,26-Apr-10,ARV,Adult,Aurobindo Pharma Limited,"Lopinavir/Ritonavir 200/50mg, tablets, 120 Tabs",Lopinavir/Ritonavir,Generic,200/50mg,Tablet,120,2240,83686.4,37.36,0.31,"Aurobindo Unit III, India",Yes,554,7531.78,164.03
36157,116-ZA-T30,FPQ-13214,SCMS-215410,ASN-23875,South Africa,PMO - US,Direct Drop,DDP,Truck,11/14/13,12/2/13,13-Jan-14,13-Jan-14,13-Jan-14,ARV,Pediatric,S. BUYS WHOLESALER,"Efavirenz 50mg, capsule, 30 Caps",Efavirenz,Generic,50mg,Capsule,30,328,976.49,2.98,0.1,"Aurobindo Unit III, India",No,Weight Captured Separately,Freight Included in Commodity Cost,1.0
86309,110-ZM-T30,FPQ-4356,SO-34130,DN-1865,Zambia,PMO - US,From RDC,N/A - From RDC,Truck,9/25/09,N/A - From RDC,30-Jun-10,29-Jun-10,29-Jun-10,ARV,Adult,SCMS from RDC,"Lamivudine/Zidovudine 150/300mg, tablets, 60 Tabs",Lamivudine/Zidovudine,Generic,150/300mg,Tablet - FDC,60,100000,876000.0,8.76,0.15,Hetero Unit III Hyderabad IN,Yes,8544,11054.56,1716.96
3840,104-CI-T01,Pre-PQ Process,SCMS-44820,ASN-4594,Côte d'Ivoire,PMO - US,Direct Drop,CIP,Air,Pre-PQ Process,4/24/09,11-Aug-09,11-Aug-09,11-Aug-09,ARV,Adult,GLAXOSMITHKLINE EXPORT LIMITED,"Abacavir/Lamivudine/Zidovudine 300/150/300mg [Trizivir], tablets, 60 Tabs",Abacavir/Lamivudine/Zidovudine,Trizivir,300/150/300mg,Tablet - FDC,60,2048,109998.08,53.71,0.9,GSK Ware (UK),Yes,Weight Captured Separately,Freight Included in Commodity Cost,215.6
84286,101-CD-T30,FPQ-12088,SO-45031,DN-3311,"Congo, DRC",PMO - US,From RDC,N/A - From RDC,Air,4/12/13,N/A - From RDC,21-Jan-14,21-Jan-14,29-Jan-14,ARV,Pediatric,SCMS from RDC,"Nevirapine 10mg/ml, oral suspension w/syringe, Bottle, 240 ml",Nevirapine,Generic,10mg/ml,Oral suspension,240,6339,12361.05,1.95,0.01,"Aurobindo Unit III, India",Yes,2357,24505,15.29
86147,104-CI-T30,FPQ-14370,SO-49051,DN-4017,Côte d'Ivoire,PMO - US,From RDC,N/A - From RDC,Truck,5/23/14,N/A - From RDC,28-Nov-14,2-Dec-14,8-Dec-14,ARV,Adult,SCMS from RDC,"Efavirenz 600mg, tablets, 30 Tabs",Efavirenz,Generic,600mg,Tablet,30,25555,82031.55,3.21,0.11,"Micro labs, Verna, Goa, India",No,See DN-4017 (ID#:84997),See DN-4017 (ID#:84997),84.33
86302,106-HT-T30,FPQ-4384,SO-36190,DN-1812,Haiti,PMO - US,From RDC,N/A - From RDC,Air,10/23/09,N/A - From RDC,17-May-10,19-May-10,19-May-10,ARV,Adult,SCMS from RDC,"Nevirapine 200mg, tablets, 60 Tabs",Nevirapine,Generic,200mg,Tablet,60,26400,70224.0,2.66,0.04,"Strides, Bangalore, India.",Yes,1456,25493.03,151.4
85974,110-ZM-T30,FPQ-10728,SO-44771,DN-3209,Zambia,PMO - US,From RDC,N/A - From RDC,Truck,10/5/12,N/A - From RDC,15-Jul-13,23-Jul-13,23-Jul-13,ARV,Adult,SCMS from RDC,"Efavirenz/Emtricitabine/Tenofovir Disoproxil Fumarate 600/200/300mg, tablets, 30 Tabs",Efavirenz/Emtricitabine/Tenofovir Disoproxil Fumarate,Generic,600/200/300mg,Tablet - FDC,30,78787,1021079.52,12.96,0.43,Mylan (formerly Matrix) Nashik,Yes,9347,Freight Included in Commodity Cost,1431.55
79791,116-ZA-T30,FPQ-14942,SCMS-259078,ASN-33470,South Africa,PMO - US,Direct Drop,DDP,Truck,9/11/14,10/9/14,24-Jul-15,24-Jul-15,24-Jul-15,ARV,Adult,PHARMACY DIRECT,"Zidovudine 300mg, tablets, 60 Tabs",Zidovudine,Generic,300mg,Tablet,60,14,270.58,19.33,0.32,"Aurobindo Unit III, India",No,Weight Captured Separately,Freight Included in Commodity Cost,0.28
69908,161-ZA-T30,FPQ-6262,SCMS-83730,ASN-9943,South Africa,PMO - US,Direct Drop,DDP,Ocean,8/31/10,9/24/10,26-Apr-11,12-Apr-11,12-Apr-11,ARV,Adult,Aurobindo Pharma Limited,"Efavirenz 600mg, tablets, 30 Tabs",Efavirenz,Generic,600mg,Tablet,30,128467,581955.51,4.53,0.15,"Aurobindo Unit III, India",Yes,11033,11203.81,1254.7
50031,116-ZA-T30,FPQ-12522,SCMS-199280,ASN-24433,South Africa,PMO - US,Direct Drop,DDP,Truck,7/11/13,8/13/13,7-Feb-14,7-Feb-14,7-Feb-14,ARV,Pediatric,S. BUYS WHOLESALER,"Efavirenz 200mg, capsule, 90 Caps",Efavirenz,Generic,200mg,Capsule,90,46,1196.97,26.02,0.29,"Aurobindo Unit III, India",No,Weight Captured Separately,Freight Included in Commodity Cost,1.48
82594,114-UG-T30,FPQ-12253,SO-45510,DN-3264,Uganda,PMO - US,From RDC,N/A - From RDC,Air,5/8/13,N/A - From RDC,30-Aug-13,10-Aug-13,10-Aug-13,ARV,Pediatric,SCMS from RDC,"Lamivudine/Stavudine 30/6mg, dispersible tablets, 60 Tabs",Lamivudine/Stavudine,Generic,30/6mg,Chewable/dispersible tablet - FDC,60,372,706.8,1.9,0.03,"Cipla, Goa, India",Yes,33,951.75,0.87
82583,109-TZ-T30,FPQ-11393,SO-44384,DN-3196,Tanzania,PMO - US,From RDC,N/A - From RDC,Truck,12/30/12,N/A - From RDC,31-May-13,18-Jun-13,18-Jun-13,ARV,Adult,SCMS from RDC,"Efavirenz/Emtricitabine/Tenofovir Disoproxil Fumarate 600/200/300mg, tablets, 30 Tabs",Efavirenz/Emtricitabine/Tenofovir Disoproxil Fumarate,Generic,600/200/300mg,Tablet - FDC,30,31000,401760.0,12.96,0.43,"Cipla, Goa, India",Yes,3674,22904.03,496.98
52871,161-ZA-T30,FPQ-5303,SCMS-68980,ASN-7663,South Africa,PMO - US,Direct Drop,DDP,Air,3/18/10,3/19/10,24-Aug-10,20-Sep-10,20-Sep-10,ARV,Adult,Aurobindo Pharma Limited,"Lamivudine 150mg, tablets, 60 Tabs",Lamivudine,Generic,150mg,Tablet,60,33711,85288.83,2.53,0.04,"Aurobindo Unit III, India",Yes,1810,2016.42,183.88
84391,103-ZW-T30,FPQ-13967,SO-48431,DN-3824,Zimbabwe,PMO - US,From RDC,N/A - From RDC,Truck,4/2/14,N/A - From RDC,30-Nov-14,29-Jun-14,4-Aug-14,ARV,Pediatric,SCMS from RDC,"Lamivudine/Zidovudine 30/60mg, tablets, 60 Tabs",Lamivudine/Zidovudine,Generic,30/60mg,Tablet - FDC,60,23999,47758.01,1.99,0.03,Mylan (formerly Matrix) Nashik,Yes,1069,7500,49.1
84655,110-ZM-T30,FPQ-7233,SO-39920,DN-2255,Zambia,PMO - US,From RDC,N/A - From RDC,Truck,3/1/11,N/A - From RDC,15-Jul-11,11-Jul-11,11-Jul-11,ARV,Pediatric,SCMS from RDC,"Nevirapine 10mg/ml, oral suspension, Bottle, 240 ml",Nevirapine,Generic,10mg/ml,Oral suspension,240,20000,36000.0,1.8,0.01,"Aurobindo Unit III, India",Yes,7482,6801.72,59.4
6081,108-VN-T01,Pre-PQ Process,SCMS-31720,ASN-3312,Vietnam,PMO - US,Direct Drop,EXW,Air,Pre-PQ Process,10/21/08,27-Feb-09,27-Feb-09,27-Feb-09,ARV,Adult,Aurobindo Pharma Limited,"Lamivudine 150mg, tablets, 60 Tabs",Lamivudine,Generic,150mg,Tablet,60,6966,16718.4,2.4,0.04,"Aurobindo Unit III, India",Yes,1068,3894.21,32.77
56772,108-VN-T30,FPQ-9577,SCMS-145530,ASN-16123,Vietnam,PMO - US,Direct Drop,EXW,Air,4/11/12,6/12/12,9-Oct-12,9-Oct-12,9-Oct-12,ARV,Adult,MYLAN LABORATORIES LTD (FORMERLY MATRIX LABORATORIES),"Tenofovir Disoproxil Fumarate 300mg, tablets, 30 Tabs",Tenofovir Disoproxil Fumarate,Generic,300mg,Tablet,30,41296,185419.04,4.49,0.15,Mylan (formerly Matrix) Nashik,No,See ASN-16123 (ID#:20371),See ASN-16123 (ID#:20371),259.96
86376,151-NG-T30,FPQ-6800,SO-39180,DN-2168,Nigeria,PMO - US,From RDC,N/A - From RDC,Air Charter,12/7/10,N/A - From RDC,21-Jun-11,11-May-11,11-May-11,ARV,Adult,SCMS from RDC,"Efavirenz/Emtricitabine/Tenofovir Disoproxil Fumarate 600/200/300mg, tablets, 30 Tabs",Efavirenz/Emtricitabine/Tenofovir Disoproxil Fumarate,Generic,600/200/300mg,Tablet - FDC,30,30000,597600.0,19.92,0.66,Mylan (formerly Matrix) Nashik,Yes,3272,12601.07,986.04
92,102-NG-T01,Pre-PQ Process,SCMS-592,ASN-485,Nigeria,PMO - US,Direct Drop,EXW,Air,Pre-PQ Process,5/13/07,19-Jun-07,19-Jun-07,19-Jun-07,HRDT,HIV test,Abbott GmbH & Co. KG,"HIV 1/2, Determine Complete HIV Kit, 100 Tests","HIV 1/2, Determine Complete HIV Kit",Determine,,Test kit,100,1000,80000.0,80.0,0.8,ABBVIE GmbH & Co.KG Wiesbaden,Yes,341,2682.47,128.0
10980,113-ZW-T01,Pre-PQ Process,SO-2502,DN-813,Zimbabwe,PMO - US,From RDC,N/A - From RDC,Truck,Pre-PQ Process,N/A - From RDC,26-Jul-08,26-Jul-08,26-Jul-08,ARV,Adult,SCMS from RDC,"Lamivudine/Stavudine 150/30mg, tablets, 30 Tabs",Lamivudine/Stavudine,Generic,150/30mg,Tablet - FDC,30,8000,16000.0,2.0,0.07,"Cipla, Goa, India",No,See DN-813 (ID#:10979),See DN-813 (ID#:10979),25.6
86538,111-MZ-T30,FPQ-10210,SO-42832,DN-2965,Mozambique,PMO - US,From RDC,N/A - From RDC,Truck,6/28/12,N/A - From RDC,11-Jan-13,11-Jan-13,11-Jan-13,ARV,Adult,SCMS from RDC,"Lamivudine/Nevirapine/Zidovudine 150/200/300mg, tablets, 60 Tabs",Lamivudine/Nevirapine/Zidovudine,Generic,150/300/200mg,Tablet - FDC,60,67609,650398.58,9.62,0.16,"Aurobindo Unit III, India",No,See DN-2965 (ID#:85321),See DN-2965 (ID#:85321),911.86
55180,114-UG-T30,FPQ-5276,SCMS-68290,ASN-6736,Uganda,PMO - US,Direct Drop,FCA,Air,3/12/10,3/18/10,4-May-10,4-May-10,4-May-10,ARV,Adult,ABBVIE LOGISTICS (FORMERLY ABBOTT LOGISTICS BV),"Lopinavir/Ritonavir 200/50mg [Aluvia], tablets, 120 Tabs",Lopinavir/Ritonavir,Aluvia,200/50mg,Tablet,120,100,3616.0,36.16,0.3,ABBVIE Ludwigshafen Germany,Yes,36,1084.27,7.8
83078,107-RW-T30,FPQ-10015,SO-42480,DN-2848,Rwanda,PMO - US,From RDC,N/A - From RDC,Air,6/4/12,N/A - From RDC,28-Sep-12,13-Sep-12,13-Sep-12,ARV,Adult,SCMS from RDC,"Nevirapine 200mg, tablets, 60 Tabs",Nevirapine,Generic,200mg,Tablet,60,69922,170609.68,2.44,0.04,"Strides, Bangalore, India.",Yes,4444,26081.05,239.19
54296,161-ZA-T30,FPQ-5648,SCMS-75750,ASN-9197,South Africa,PMO - US,Direct Drop,DDP,Ocean,6/2/10,6/17/10,1-Feb-11,1-Feb-11,1-Feb-11,ARV,Adult,Aurobindo Pharma Limited,"Efavirenz 600mg, tablets, 30 Tabs",Efavirenz,Generic,600mg,Tablet,30,32083,144694.33,4.51,0.15,"Aurobindo Unit III, India",Yes,2808,630.5,311.96
11117,104-CI-T01,Pre-PQ Process,SO-586,DN-194,Côte d'Ivoire,PMO - US,From RDC,N/A - From RDC,,Pre-PQ Process,N/A - From RDC,28-Jun-07,28-Jun-07,28-Jun-07,ARV,Adult,SCMS from RDC,"Lopinavir/Ritonavir 200/50mg [Aluvia], tablets, 120 Tabs",Lopinavir/Ritonavir,Aluvia,200/50mg,Tablet,120,4000,164400.0,41.1,0.34,ABBVIE Ludwigshafen Germany,Yes,1015,3256,263.04
85781,109-TZ-T30,FPQ-7675,SO-39751,DN-2314,Tanzania,PMO - US,From RDC,N/A - From RDC,Air,5/18/11,N/A - From RDC,30-Sep-11,30-Aug-11,30-Aug-11,ARV,Adult,SCMS from RDC,"Tenofovir Disoproxil Fumarate 300mg, tablets, 30 Tabs",Tenofovir Disoproxil Fumarate,Generic,300mg,Tablet,30,4279,28113.03,6.57,0.22,Mylan (formerly Matrix) Nashik,Yes,259,1553.64,46.39
82516,104-CI-T30,FPQ-9136,SO-41370,DN-2877,Côte d'Ivoire,PMO - US,From RDC,N/A - From RDC,Truck,1/2/12,N/A - From RDC,15-Oct-12,5-Oct-12,5-Oct-12,ARV,Adult,SCMS from RDC,"Lopinavir/Ritonavir 200/50mg, tablets, 120 Tabs",Lopinavir/Ritonavir,Generic,200/50mg,Tablet,120,24097,643389.9,26.7,0.22,Mylan (formerly Matrix) Nashik,Yes,6375,18661.97,902.03
32889,116-ZA-T30,FPQ-11828,SCMS-183950,ASN-19166,South Africa,South Africa Field Office,Direct Drop,DDP,Truck,3/18/13,Date Not Captured,16-Apr-13,16-Apr-13,16-Apr-13,ARV,Adult,S. BUYS WHOLESALER,"Emtricitabine/Tenofovir Disoproxil Fumarate 200/300mg, tablets, 30 Tabs",Emtricitabine/Tenofovir Disoproxil Fumarate,Generic,200/300mg,Tablet - FDC,30,50,1528.18,30.56,1.02,"Aurobindo Unit III, India",No,Weight Captured Separately,Freight Included in Commodity Cost,1.89
50876,107-RW-T30,FPQ-10223,SCMS-152980,ASN-16610,Rwanda,PMO - US,Direct Drop,EXW,Ocean,7/5/12,7/16/12,11-Jan-13,11-Jan-13,11-Jan-13,ARV,Adult,HETERO LABS LIMITED,"Lamivudine/Nevirapine/Stavudine 150/200/30mg, tablets, 60 Tabs",Lamivudine/Nevirapine/Stavudine,Generic,150/200/30mg,Tablet - FDC,60,63410,278369.9,4.39,0.07,Hetero Unit III Hyderabad IN,Yes,6589,17075.43,390.27
10610,104-CI-T01,Pre-PQ Process,SO-997,DN-324,Côte d'Ivoire,PMO - US,From RDC,N/A - From RDC,,Pre-PQ Process,N/A - From RDC,31-Aug-07,31-Aug-07,31-Aug-07,ARV,Adult,SCMS from RDC,"Ritonavir 100mg [Norvir], capsules, cool, 4 x 84 Caps",Ritonavir,Norvir,100mg,Capsule,336,245,9398.2,38.36,0.11,ABBVIE (Abbott) France,Yes,1468,4602.4,15.04
12637,107-RW-T01,Pre-PQ Process,SO-490,DN-110,Rwanda,PMO - US,From RDC,N/A - From RDC,Air,Pre-PQ Process,N/A - From RDC,19-Apr-07,19-Apr-07,19-Apr-07,ARV,Adult,SCMS from RDC,"Lamivudine/Zidovudine 150/300mg, tablets, 60 Tabs",Lamivudine/Zidovudine,Generic,150/300mg,Tablet - FDC,60,38463,383860.74,9.98,0.17,"Cipla, Goa, India",Yes,3450,20896.5,
31156,101-CD-T30,FPQ-13548,SCMS-224840,ASN-24721,"Congo, DRC",PMO - US,Direct Drop,EXW,Air,1/22/14,1/28/14,4-Apr-14,4-Apr-14,28-Apr-14,HRDT,HIV test,"Trinity Biotech, Plc","HIV 1/2, Uni-Gold HIV Kit, 20 Tests","HIV 1/2, Uni-Gold HIV Kit",Uni-Gold,,Test kit,20,2,64.0,32.0,1.6,"Trinity Biotech, Plc",No,See ASN-24721 (ID#:13708),See ASN-24721 (ID#:13708),0.07
77480,116-ZA-T30,FPQ-12522,SCMS-199289,ASN-28034,South Africa,PMO - US,Direct Drop,DDP,Truck,7/11/13,8/29/14,29-Aug-14,29-Aug-14,29-Aug-14,ARV,Pediatric,S. BUYS WHOLESALER,"Efavirenz 200mg, capsule, 90 Caps",Efavirenz,Generic,200mg,Capsule,90,57,1483.72,26.03,0.29,"Aurobindo Unit III, India",No,Weight Captured Separately,Freight Included in Commodity Cost,1.84
50220,101-CD-T30,FPQ-14654,SCMS-253260,ASN-28279,"Congo, DRC",PMO - US,Direct Drop,EXW,Air,8/11/14,8/27/14,4-Nov-14,4-Nov-14,20-Nov-14,HRDT,HIV test,"Trinity Biotech, Plc","HIV 1/2, Uni-Gold HIV Kit, 20 Tests","HIV 1/2, Uni-Gold HIV Kit",Uni-Gold,,Test kit,20,70,2240.0,32.0,1.6,"Trinity Biotech, Plc",No,See ASN-28279 (ID#:13547),See ASN-28279 (ID#:13547),2.3
47653,116-ZA-T30,FPQ-14942,SCMS-259071,ASN-29596,South Africa,PMO - US,Direct Drop,DDP,Truck,9/11/14,11/28/14,28-Nov-14,28-Nov-14,28-Nov-14,ARV,Adult,PHARMACY DIRECT,"Etravirine 100mg [Intelence], tablets, 120 Tabs",Etravirine,Intelence,100mg,Tablet,120,33,844.57,25.59,0.21,"Janssen-Cilag, Latina, IT",No,Weight Captured Separately,Freight Included in Commodity Cost,0.87
33948,116-ZA-T30,FPQ-13973,SCMS-238552,ASN-27606,South Africa,PMO - US,Direct Drop,DDP,Truck,4/30/14,8/5/14,5-Aug-14,5-Aug-14,5-Aug-14,ARV,Adult,PHARMACY DIRECT,"Efavirenz 600mg, tablets, 30 Tabs",Efavirenz,Generic,600mg,Tablet,30,60,935.76,15.6,0.52,"Aurobindo Unit III, India",No,Weight Captured Separately,Freight Included in Commodity Cost,0.96
86593,101-CD-T30,FPQ-12088,SO-45030,DN-3269,"Congo, DRC",PMO - US,From RDC,N/A - From RDC,Air,4/12/13,N/A - From RDC,28-Aug-13,8-Feb-14,11-Mar-14,ARV,Pediatric,SCMS from RDC,"Zidovudine 10mg/ml, oral solution w/syringe, Bottle, 240 ml",Zidovudine,Generic,10mg/ml,Oral solution,240,502,1054.2,2.1,0.01,"Aurobindo Unit III, India",No,See DN-3269 (ID#:83711),See DN-3269 (ID#:83711),1.3
85383,900-SS-T30,FPQ-11637,SO-44701,DN-3259,South Sudan,PMO - US,From RDC,N/A - From RDC,Truck,2/27/13,N/A - From RDC,26-Aug-13,26-Aug-13,26-Aug-13,ARV,Adult,SCMS from RDC,"Lamivudine/Zidovudine 150/300mg, tablets, 60 Tabs",Lamivudine/Zidovudine,Generic,150/300mg,Tablet - FDC,60,240,1744.8,7.27,0.12,Hetero Unit III Hyderabad IN,No,See DN-3259 (ID#:84838),See DN-3259 (ID#:84838),2.16
83024,111-MZ-T30,FPQ-8157,SO-40390,DN-2616,Mozambique,PMO - US,From RDC,N/A - From RDC,Truck,8/4/11,N/A - From RDC,7-May-12,10-May-12,10-May-12,ARV,Adult,SCMS from RDC,"Lamivudine/Nevirapine/Zidovudine 150/200/300mg, tablets, 60 Tabs",Lamivudine/Nevirapine/Zidovudine,Generic,150/300/200mg,Tablet - FDC,60,117749,1321143.78,11.22,0.19,Mylan (formerly Matrix) Nashik,Yes,28088,19652.22,2179.89
84250,110-ZM-T30,FPQ-11969,SO-44910,DN-3116,Zambia,PMO - US,From RDC,N/A - From RDC,Air,3/26/13,N/A - From RDC,28-Jun-13,13-May-13,13-May-13,ARV,Adult,SCMS from RDC,"Emtricitabine/Tenofovir Disoproxil Fumarate 200/300mg, tablets, 30 Tabs",Emtricitabine/Tenofovir Disoproxil Fumarate,Generic,200/300mg,Tablet - FDC,30,20537,124659.59,6.07,0.2,Hetero Unit III Hyderabad IN,No,See DN-3116 (ID#:84248),See DN-3116 (ID#:84248),154.2
27327,133-NG-T30,FPQ-12456,SCMS-196560,ASN-21222,Nigeria,PMO - US,Direct Drop,EXW,Air,6/10/13,7/10/13,18-Sep-13,24-Sep-13,24-Sep-13,HRDT,HIV test,"Orgenics, Ltd","HIV 1/2, Determine Complete HIV Kit, 100 Tests","HIV 1/2, Determine Complete HIV Kit",Determine,,Test kit,100,3023,269047.0,89.0,0.89,"Alere Medical Co., Ltd.",Yes,1221,12793.7,332.81
36322,106-HT-T30,FPQ-15038,SCMS-262841,ASN-31571,Haiti,PMO - US,Direct Drop,EXW,Ocean,10/22/14,12/24/14,17-Jun-15,17-Jun-15,18-Jun-15,ARV,Adult,MYLAN LABORATORIES LTD (FORMERLY MATRIX LABORATORIES),"Lamivudine/Zidovudine 150/300mg, tablets, 60 Tabs",Lamivudine/Zidovudine,Generic,150/300mg,Tablet - FDC,60,53010,344034.9,6.49,0.11,Mylan (formerly Matrix) Nashik,Yes,Weight Captured Separately,Invoiced Separately,353.67
86751,104-CI-T30,FPQ-14370,SO-49081,DN-4015,Côte d'Ivoire,PMO - US,From RDC,N/A - From RDC,Truck,5/23/14,N/A - From RDC,28-Nov-14,2-Dec-14,8-Dec-14,ARV,Adult,SCMS from RDC,"Lamivudine/Zidovudine 150/300mg, tablets, 60 Tabs",Lamivudine/Zidovudine,Generic,150/300mg,Tablet - FDC,60,55995,365087.4,6.52,0.11,"Aurobindo Unit III, India",Yes,4899,19497.24,375.31
69903,103-ZW-T30,FPQ-13969,SCMS-239210,ASN-29006,Zimbabwe,PMO - US,Direct Drop,EXW,Air,4/8/14,5/16/14,28-Nov-14,28-Nov-14,16-Dec-14,ARV,Pediatric,MICRO LABS LIMITED,"Efavirenz 200mg, capsule, 90 Caps",Efavirenz,Generic,200mg,Capsule,90,5291,23386.22,4.42,0.05,"Micro labs, Verna, Goa, India",Yes,800,5697.64,24.04
83621,110-ZM-T30,FPQ-9472,SO-41700,DN-2847,Zambia,PMO - US,From RDC,N/A - From RDC,Truck,3/8/12,N/A - From RDC,28-Sep-12,7-Sep-12,7-Sep-12,ARV,Adult,SCMS from RDC,"Efavirenz/Emtricitabine/Tenofovir Disoproxil Fumarate 600/200/300mg, tablets, 30 Tabs",Efavirenz/Emtricitabine/Tenofovir Disoproxil Fumarate,Generic,600/200/300mg,Tablet - FDC,30,60000,902400.0,15.04,0.5,Mylan (formerly Matrix) Nashik,Yes,6801,7317.47,1265.16
12552,114-UG-T01,Pre-PQ Process,SO-17900,DN-987,Uganda,PMO - US,From RDC,N/A - From RDC,Air,Pre-PQ Process,N/A - From RDC,6-Jan-09,6-Jan-09,6-Jan-09,ARV,Adult,SCMS from RDC,"Lamivudine/Stavudine 150/30mg, tablets, 30 Tabs",Lamivudine/Stavudine,Generic,150/30mg,Tablet - FDC,30,938,1876.0,2.0,0.07,"Cipla, Goa, India",No,See DN-987 (ID#:12252),See DN-987 (ID#:12252),3.68
2632,105-GY-T01,Pre-PQ Process,SCMS-48690,ASN-4600,Guyana,PMO - US,Direct Drop,CIP,Air,Pre-PQ Process,7/15/09,7-Aug-09,7-Aug-09,7-Aug-09,ARV,Adult,ABBOTT LABORATORIES (PUERTO RICO),"Lopinavir/Ritonavir 200/50mg [Aluvia], tablets, 120 Tabs",Lopinavir/Ritonavir,Aluvia,200/50mg,Tablet,120,2733,224625.27,82.19,0.68,ABBVIE Ludwigshafen Germany,Yes,589,314,440.27
85652,104-CI-T30,FPQ-4378,SO-35770,DN-1640,Côte d'Ivoire,PMO - US,From RDC,N/A - From RDC,Air,10/15/09,N/A - From RDC,6-Apr-10,15-Feb-10,15-Feb-10,ARV,Adult,SCMS from RDC,"Abacavir/Lamivudine 600/300mg, scored tablets, 30 Tabs",Abacavir/Lamivudine,Generic,600/300mg,Tablet - FDC,30,1276,29348.0,23.0,0.77,"Aurobindo Unit III, India",Yes,117,1083.3,57.52
76914,104-CI-T30,FPQ-8929,SCMS-131870,ASN-14307,Côte d'Ivoire,PMO - US,Direct Drop,EXW,Air,12/8/11,1/17/12,10-Apr-12,10-Apr-12,10-Apr-12,HRDT,HIV test,"CHEMBIO DIAGNOSTIC SYSTEMS, INC.","HIV 1/2, Stat-Pak HIV, Kit, 20 Tests","HIV 1/2, Stat-Pak HIV, Kit",Stat-Pak,,Test kit,20,1593,46197.0,29.0,1.45,Chembio Diagnostics Sys. Inc.,Yes,624,6311.89,64.77
10908,114-UG-T01,Pre-PQ Process,SO-1300,DN-435,Uganda,PMO - US,From RDC,N/A - From RDC,Air,Pre-PQ Process,N/A - From RDC,10-Dec-07,10-Dec-07,10-Dec-07,ARV,Adult,SCMS from RDC,"Emtricitabine/Tenofovir Disoproxil Fumarate 200/300mg [Truvada], tablets, 30 Tabs",Emtricitabine/Tenofovir Disoproxil Fumarate,Truvada,300/200mg,Tablet - FDC,30,42,1102.5,26.25,0.88,Gilead(Nycomed) Oranienburg DE,Yes,464,3393,1.76
1065,116-ZA-T01,Pre-PQ Process,SCMS-41040,ASN-3623,South Africa,PMO - US,Direct Drop,DDP,Air,Pre-PQ Process,Date Not Captured,7-Apr-09,3-Dec-08,3-Dec-08,ARV,Adult,S. BUYS WHOLESALER,"Efavirenz 600mg, tablets, 30 Tabs",Efavirenz,Generic,600mg,Tablet,30,3500,49840.0,14.24,0.47,"Cipla, Goa, India",Yes,Weight Captured Separately,Freight Included in Commodity Cost,97.69
38596,110-ZM-T30,FPQ-4691,SCMS-60711,ASN-6612,Zambia,PMO - US,Direct Drop,EXW,Air,12/16/09,12/22/09,3-May-10,3-May-10,3-May-10,HRDT,HIV test,"Orgenics, Ltd","HIV 1/2, Determine Complete HIV Kit, 100 Tests","HIV 1/2, Determine Complete HIV Kit",Determine,,Test kit,100,2807,202104.0,72.0,0.72,Inverness Japan,Yes,1360,20067.34,435.74
15460,106-HT-T30,FPQ-15038,SCMS-262980,ASN-30463,Haiti,PMO - US,Direct Drop,EXW,Ocean,10/22/14,1/7/15,9-Apr-15,9-Apr-15,13-Apr-15,ARV,Adult,HETERO LABS LIMITED,"Lamivudine/Tenofovir Disoproxil Fumarate 300/300mg, tablets, 30 Tabs",Lamivudine/Tenofovir Disoproxil Fumarate,Generic,300/300mg,Tablet - FDC,30,36831,170159.22,4.62,0.15,Hetero Unit III Hyderabad IN,Yes,17826,20526.23,174.92
84869,105-GY-T30,FPQ-12619,SO-46090,DN-3425,Guyana,PMO - US,From RDC,N/A - From RDC,Air,7/16/13,N/A - From RDC,31-Dec-13,2-Dec-13,20-Dec-13,ARV,Pediatric,SCMS from RDC,"Zidovudine 10mg/ml, oral solution w/syringe, Bottle, 240 ml",Zidovudine,Generic,10mg/ml,Oral solution,240,225,472.5,2.1,0.01,"Aurobindo Unit III, India",No,See DN-3425 (ID#:82618),See DN-3425 (ID#:82618),0.58
55160,116-ZA-T30,FPQ-3596,SCMS-50360,ASN-5451,South Africa,PMO - US,Direct Drop,DDP,Truck,5/7/09,9/22/09,29-Oct-09,29-Oct-09,29-Oct-09,ARV,Adult,S. BUYS WHOLESALER,"Zidovudine 300mg, tablets, 60 Tabs",Zidovudine,Generic,300mg,Tablet,60,1600,41783.61,26.11,0.44,"Aurobindo Unit III, India",Yes,Weight Captured Separately,Freight Included in Commodity Cost,81.9
18155,102-SD-T30,FPQ-8261,SCMS-120460,ASN-12339,Sudan,PMO - US,Direct Drop,EXW,Air,8/29/11,9/7/11,11-Jan-12,11-Jan-12,11-Jan-12,HRDT,HIV test,"Trinity Biotech, Plc","HIV 1/2, Uni-Gold HIV Kit, 20 Tests","HIV 1/2, Uni-Gold HIV Kit",Uni-Gold,,Test kit,20,58,1856.0,32.0,1.6,"Trinity Biotech, Plc",Yes,19,594.51,3.06
60273,106-HT-T30,FPQ-14895,SCMS-260950,ASN-29640,Haiti,PMO - US,Direct Drop,EXW,Air,9/24/14,11/15/14,20-Jan-15,20-Jan-15,21-Jan-15,ARV,Pediatric,STRIDES ARCOLAB LIMITED,"Efavirenz 200mg, capsule, 90 Caps",Efavirenz,Generic,200mg,Capsule,90,2440,22692.0,9.3,0.1,"Strides, Bangalore, India.",Yes,163,1659.21,23.33
82962,110-ZM-T30,FPQ-6677,SO-38940,DN-2272,Zambia,PMO - US,From RDC,N/A - From RDC,Truck,11/8/10,N/A - From RDC,22-Aug-11,5-Aug-11,5-Aug-11,ARV,Adult,SCMS from RDC,"Abacavir 300mg, tablets, 60 Tabs",Abacavir,Generic,300mg,Tablet,60,5125,77080.0,15.04,0.25,Mylan (formerly Matrix) Nashik,Yes,523,3949.19,127.18
82335,117-ET-T30,FPQ-5827,SO-37070,DN-1907,Ethiopia,PMO - US,From RDC,N/A - From RDC,Air,6/9/10,N/A - From RDC,15-Jul-10,8-Jul-10,8-Jul-10,ARV,Adult,SCMS from RDC,"Zidovudine 300mg, tablets, 60 Tabs",Zidovudine,Generic,300mg,Tablet,60,2000,14420.0,7.21,0.12,"Aurobindo Unit III, India",Yes,88,755.64,31.09
33116,107-RW-T30,FPQ-10092,SCMS-149431,ASN-15554,Rwanda,PMO - US,Direct Drop,EXW,Air,6/4/12,6/12/12,4-Aug-12,4-Aug-12,4-Aug-12,ARV,Adult,HETERO LABS LIMITED,"Lamivudine/Tenofovir Disoproxil Fumarate 300/300mg, tablets, 30 Tabs",Lamivudine/Tenofovir Disoproxil Fumarate,Generic,300/300mg,Tablet - FDC,30,61209,293191.11,4.79,0.16,Hetero Unit III Hyderabad IN,Yes,9117,98763.02,411.05
56165,104-CI-T30,FPQ-4698,SCMS-62980,ASN-6559,Côte d'Ivoire,PMO - US,Direct Drop,CIP,Air,12/28/09,2/12/10,27-Apr-10,27-Apr-10,27-Apr-10,ARV,Adult,MERCK SHARP & DOHME IDEA GMBH (FORMALLY MERCK SHARP & DOHME B.V.),"Indinavir 400mg [Crixivan], capsules, 180 Caps",Indinavir,Crixivan,400mg,Capsule,180,2000,100000.0,50.0,0.28,"MSD, Haarlem, NL",Yes,518,1434.5,215.6
83117,106-HT-T30,FPQ-11281,SO-44400,DN-3015,Haiti,PMO - US,From RDC,N/A - From RDC,Air,1/16/13,N/A - From RDC,9-Apr-13,14-Mar-13,14-Mar-13,ARV,Adult,SCMS from RDC,"Lamivudine/Nevirapine/Zidovudine 150/200/300mg, tablets, 60 Tabs",Lamivudine/Nevirapine/Zidovudine,Generic,150/300/200mg,Tablet - FDC,60,39072,335237.76,8.58,0.14,Hetero Unit III Hyderabad IN,No,See DN-3015 (ID#:82554),See DN-3015 (ID#:82554),414.69
57747,106-HT-T30,FPQ-9635,SCMS-152710,ASN-16346,Haiti,PMO - US,Direct Drop,EXW,Air,5/14/12,7/12/12,4-Oct-12,4-Oct-12,4-Oct-12,ARV,Pediatric,Aurobindo Pharma Limited,"Nevirapine 50mg, dispersible tablets (tablets for oral suspension), 30 Tabs",Nevirapine,Generic,50mg,Chewable/dispersible tablet,30,2891,3613.75,1.25,0.04,"Aurobindo Unit III, India",Yes,156,1887.58,5.07
73757,110-ZM-T30,FPQ-14790,SCMS-253022,ASN-31640,Zambia,PMO - US,Direct Drop,FCA,Air,8/13/14,8/20/14,18-May-15,18-May-15,19-May-15,ARV,Pediatric,ABBVIE LOGISTICS (FORMERLY ABBOTT LOGISTICS BV),"Lopinavir/Ritonavir 80/20mg/ml [Kaletra], oral solution, cool, Bottle 5 x 60 ml",Lopinavir/Ritonavir,Kaletra,80/20mg/ml,Oral solution,300,2265,69807.3,30.82,0.1,ABBVIE (Abbott) Logis. UK,Yes,2272,13303.8,71.76
85839,109-TZ-T30,FPQ-8303,SO-40502,DN-2593,Tanzania,PMO - US,From RDC,N/A - From RDC,Truck,8/22/11,N/A - From RDC,30-Apr-12,11-Apr-12,11-Apr-12,ARV,Pediatric,SCMS from RDC,"Lamivudine/Zidovudine 30/60mg, tablets, 60 Tabs",Lamivudine/Zidovudine,Generic,30/60mg,Tablet - FDC,60,34054,101821.46,2.99,0.05,Mylan (formerly Matrix) Nashik,Yes,1309,3279.25,168.01
85229,101-CD-T30,FPQ-8840,SO-41145,DN-2509,"Congo, DRC",PMO - US,From RDC,N/A - From RDC,Air,11/21/11,N/A - From RDC,16-Mar-12,13-Apr-12,13-Apr-12,ARV,Adult,SCMS from RDC,"Lamivudine/Tenofovir Disoproxil Fumarate 300/300mg, tablets, 30 Tabs",Lamivudine/Tenofovir Disoproxil Fumarate,Generic,300/300mg,Tablet - FDC,30,19,115.52,6.08,0.2,Mylan (formerly Matrix) Nashik,No,See DN-2509 (ID#:82441),See DN-2509 (ID#:82441),0.16
86655,151-NG-T30,FPQ-12248,SO-45665,DN-3551,Nigeria,PMO - US,From RDC,N/A - From RDC,Air Charter,5/6/13,N/A - From RDC,28-Feb-14,10-Feb-14,19-Feb-14,ARV,Adult,SCMS from RDC,"Lamivudine/Nevirapine/Zidovudine 150/200/300mg, tablets, 60 Tabs",Lamivudine/Nevirapine/Zidovudine,Generic,150/300/200mg,Tablet - FDC,60,83300,688058.0,8.26,0.14,Hetero Unit III Hyderabad IN,No,See DN-3551 (ID#:84895),See DN-3551 (ID#:84895),851.13
12276,113-ZW-T01,Pre-PQ Process,SO-18111,DN-1214,Zimbabwe,PMO - US,From RDC,N/A - From RDC,Air,Pre-PQ Process,N/A - From RDC,12-May-09,12-May-09,12-May-09,ARV,Adult,SCMS from RDC,"Lamivudine/Stavudine 150/30mg, tablets, 60 Tabs",Lamivudine/Stavudine,Generic,150/30mg,Tablet - FDC,60,4000,16000.0,4.0,0.07,"Cipla, Goa, India",Yes,305,2698.04,31.36
86446,101-CD-T30,FPQ-8840,SO-41141,DN-2505,"Congo, DRC",PMO - US,From RDC,N/A - From RDC,Air,11/21/11,N/A - From RDC,16-Mar-12,14-Mar-12,14-Mar-12,ARV,Adult,SCMS from RDC,"Zidovudine 300mg, tablets, 60 Tabs",Zidovudine,Generic,300mg,Tablet,60,720,5054.4,7.02,0.12,Hetero Unit III Hyderabad IN,No,See DN-2505 (ID#:83561),See DN-2505 (ID#:83561),7.09
84339,111-MZ-T30,FPQ-12421,SO-45900,DN-3564,Mozambique,PMO - US,From RDC,N/A - From RDC,Truck,6/28/13,N/A - From RDC,28-Mar-14,28-Mar-14,4-Apr-14,ARV,Adult,SCMS from RDC,"Efavirenz/Lamivudine/Tenofovir Disoproxil Fumarate 600/300/300mg, tablets, 30 Tabs",Efavirenz/Lamivudine/Tenofovir Disoproxil Fumarate,Generic,600/300/300mg,Tablet - FDC,30,180194,1958708.78,10.87,0.36,"Aurobindo Unit VII, IN",Yes,13739,Freight Included in Commodity Cost,2422.92
17944,161-ZA-T30,FPQ-5303,SCMS-68720,ASN-7538,South Africa,PMO - US,Direct Drop,DDP,Air,3/18/10,3/19/10,19-Jul-10,29-Jul-10,29-Jul-10,ARV,Adult,CIPLA LIMITED,"Tenofovir Disoproxil Fumarate 300mg, tablets, 30 Tabs",Tenofovir Disoproxil Fumarate,Generic,300mg,Tablet,30,47625,372427.5,7.82,0.26,"Cipla, Goa, India",Yes,3243,1881.24,802.95
33077,161-ZA-T30,FPQ-6262,SCMS-83720,ASN-9714,South Africa,PMO - US,Direct Drop,DDP,Air,8/31/10,9/24/10,23-Mar-11,23-Mar-11,23-Mar-11,ARV,Adult,Aurobindo Pharma Limited,"Abacavir 300mg, tablets, 60 Tabs",Abacavir,Generic,300mg,Tablet,60,7600,121448.0,15.98,0.27,"Aurobindo Unit III, India",Yes,782,2534.68,261.84
82841,104-CI-T30,FPQ-4187,SO-33520,DN-1474,Côte d'Ivoire,PMO - US,From RDC,N/A - From RDC,Air,9/9/09,N/A - From RDC,23-Oct-09,23-Oct-09,23-Oct-09,ARV,Pediatric,SCMS from RDC,"Abacavir 20mg/ml, oral solution, Bottle, 240 ml",Abacavir,Generic,20mg/ml,Oral solution,240,616,9018.24,14.64,0.06,"Aurobindo Unit III, India",No,See DN-1474 (ID#:82273),See DN-1474 (ID#:82273),17.68
40933,116-ZA-T30,FPQ-3560,SCMS-49661,ASN-5051,South Africa,PMO - US,Direct Drop,DDP,Truck,5/7/09,7/21/09,27-Aug-09,27-Aug-09,27-Aug-09,ARV,Adult,S. BUYS WHOLESALER,"Ritonavir 100mg [Norvir], capsules, cool, 84 Caps",Ritonavir,Norvir,100mg,Capsule,84,123,1348.43,10.96,0.13,ABBVIE (Abbott) Logis. UK,Yes,Weight Captured Separately,Freight Included in Commodity Cost,2.64
82410,900-SZ-T30,FPQ-8417,SO-40680,DN-2379,Swaziland,PMO - US,From RDC,N/A - From RDC,Air,9/14/11,N/A - From RDC,6-Oct-11,11-Oct-11,11-Oct-11,ARV,Adult,SCMS from RDC,"Lamivudine/Tenofovir Disoproxil Fumarate 300/300mg, tablets, 30 Tabs",Lamivudine/Tenofovir Disoproxil Fumarate,Generic,300/300mg,Tablet - FDC,30,30000,246900.0,8.23,0.27,Mylan (formerly Matrix) Nashik,Yes,2641,7168.8,407.38
62521,104-CI-T30,FPQ-3967,SCMS-52660,ASN-5864,Côte d'Ivoire,PMO - US,Direct Drop,EXW,Air,8/21/09,9/14/09,5-Feb-10,5-Feb-10,5-Feb-10,ARV,Adult,MYLAN LABORATORIES LTD (FORMERLY MATRIX LABORATORIES),"Abacavir/Lamivudine/Zidovudine 300/150/300mg, tablets, 60 Tabs",Abacavir/Lamivudine/Zidovudine,Generic,300/150/300mg,Tablet - FDC,60,2688,86016.0,32.0,0.53,Mylan (formerly Matrix) Nashik,Yes,421,4022.89,168.59
84456,103-ZW-T30,FPQ-13967,SO-48420,DN-4159,Zimbabwe,PMO - US,From RDC,N/A - From RDC,Truck,4/2/14,N/A - From RDC,31-Mar-15,17-Mar-15,19-Mar-15,ARV,Pediatric,SCMS from RDC,"Abacavir/Lamivudine 60/30mg, tablets, 60 Tabs",Abacavir/Lamivudine,Generic,60/30mg,Tablet - FDC,60,6180,24411.0,3.95,0.07,"Aurobindo Unit III, India",No,See DN-4159 (ID#:83316),See DN-4159 (ID#:83316),25.09
24151,106-HT-T30,FPQ-15884,SCMS-288090,ASN-33666,Haiti,PMO - US,Direct Drop,CIP,Air,3/4/15,5/18/15,7-Sep-15,7-Sep-15,8-Sep-15,ARV,Adult,"MSD LATIN AMERICA SERVICES, S. DE R.L. DE C.V.","Raltegravir 400mg [Isentress], tablets, 60 Tabs",Raltegravir,Isentress,400mg,Tablet,60,400,22200.0,55.5,0.92,"MSD, Haarlem, NL",Yes,Weight Captured Separately,Freight Included in Commodity Cost,26.13
11917,132-NG-T01,Pre-PQ Process,SO-2707,DN-921,Nigeria,PMO - US,From RDC,N/A - From RDC,Air,Pre-PQ Process,N/A - From RDC,28-Sep-08,28-Sep-08,28-Sep-08,ARV,Adult,SCMS from RDC,"Efavirenz 600mg, tablets, 30 Tabs",Efavirenz,Generic,600mg,Tablet,30,25000,300250.0,12.01,0.4,"Aurobindo Unit III, India",Yes,6124,13353.34,480.4
10966,114-UG-T01,Pre-PQ Process,SO-2674,DN-797,Uganda,PMO - US,From RDC,N/A - From RDC,Air,Pre-PQ Process,N/A - From RDC,11-Jul-08,11-Jul-08,11-Jul-08,ARV,Adult,SCMS from RDC,"Nevirapine 200mg, tablets, 60 Tabs",Nevirapine,Generic,200mg,Tablet,60,1061,3607.4,3.4,0.06,"Aurobindo Unit III, India",Yes,106,1054.52,5.77
84835,151-NG-T30,FPQ-11771,SO-44757,DN-3251,Nigeria,PMO - US,From RDC,N/A - From RDC,Air Charter,2/28/13,N/A - From RDC,21-Aug-13,30-Jul-13,30-Jul-13,ARV,Adult,SCMS from RDC,"Lopinavir/Ritonavir 200/50mg, tablets, 120 Tabs",Lopinavir/Ritonavir,Generic,200/50mg,Tablet,120,63353,1330413.0,21.0,0.18,Mylan (formerly Matrix) Nashik,Yes,32671,Freight Included in Commodity Cost,1645.72
82672,104-CI-T30,FPQ-12800,SO-46420,DN-3680,Côte d'Ivoire,PMO - US,From RDC,N/A - From RDC,Truck,8/9/13,N/A - From RDC,15-May-14,12-May-14,30-Jun-14,ARV,Pediatric,SCMS from RDC,"Lamivudine/Nevirapine/Zidovudine 30/50/60mg, dispersible tablets, 60 Tabs",Lamivudine/Nevirapine/Zidovudine,Generic,30/50/60mg,Chewable/dispersible tablet - FDC,60,6799,25496.25,3.75,0.06,"Strides, Bangalore, India.",Yes,292,1672.7,31.54
86590,114-UG-T30,FPQ-12473,SO-45880,DN-3263,Uganda,PMO - US,From RDC,N/A - From RDC,Air,6/11/13,N/A - From RDC,27-Sep-13,27-Sep-13,27-Sep-13,ARV,Adult,SCMS from RDC,"Lamivudine/Zidovudine 150/300mg, tablets, 60 Tabs",Lamivudine/Zidovudine,Generic,150/300mg,Tablet - FDC,60,19697,137879.0,7.0,0.12,"Cipla, Goa, India",No,See DN-3263 (ID#:83150),See DN-3263 (ID#:83150),170.56
58801,104-CI-T30,FPQ-6183,SCMS-83700,ASN-9987,Côte d'Ivoire,PMO - US,Direct Drop,EXW,Air,8/10/10,9/7/10,22-Apr-11,22-Apr-11,22-Apr-11,ARV,Adult,MYLAN LABORATORIES LTD (FORMERLY MATRIX LABORATORIES),"Abacavir/Lamivudine/Zidovudine 300/150/300mg, tablets, 60 Tabs",Abacavir/Lamivudine/Zidovudine,Generic,300/150/300mg,Tablet - FDC,60,3136,94080.0,30.0,0.5,Mylan (formerly Matrix) Nashik,Yes,492,5150.82,202.84
84996,104-CI-T30,FPQ-13628,SO-47882,DN-4016,Côte d'Ivoire,PMO - US,From RDC,N/A - From RDC,Truck,1/29/14,N/A - From RDC,28-Nov-14,2-Dec-14,8-Dec-14,ARV,Pediatric,SCMS from RDC,"Abacavir/Lamivudine 60/30mg, dispersible tablets, 60 Tabs",Abacavir/Lamivudine,Generic,60/30mg,Chewable/dispersible tablet - FDC,60,137,697.33,5.09,0.08,"Cipla, Patalganga, India",Yes,2014,7726.12,0.72
83348,104-CI-T30,FPQ-15259,SO-50111,DN-4314,Côte d'Ivoire,PMO - US,From RDC,N/A - From RDC,Truck,10/24/14,N/A - From RDC,31-Jul-15,6-Aug-15,7-Aug-15,ARV,Adult,SCMS from RDC,"Lamivudine/Zidovudine 150/300mg, tablets, 60 Tabs",Lamivudine/Zidovudine,Generic,150/300mg,Tablet - FDC,60,48928,319010.56,6.52,0.11,Hetero Unit III Hyderabad IN,No,See DN-4314 (ID#:82812),See DN-4314 (ID#:82812),375.48
59991,110-ZM-T30,FPQ-9074,SCMS-134370,ASN-13884,Zambia,PMO - US,Direct Drop,EXW,Air,12/22/11,1/24/12,14-Mar-12,14-Mar-12,14-Mar-12,ARV,Adult,Aurobindo Pharma Limited,"Emtricitabine/Tenofovir Disoproxil Fumarate 200/300mg, tablets, 30 Tabs",Emtricitabine/Tenofovir Disoproxil Fumarate,Generic,200/300mg,Tablet - FDC,30,100000,735000.0,7.35,0.24,"Aurobindo Unit III, India",Yes,9390,45118.64,1030.47
85970,151-NG-T30,FPQ-11022,SO-43852,DN-3173,Nigeria,PMO - US,From RDC,N/A - From RDC,Air Charter,11/15/12,N/A - From RDC,4-Jun-13,10-May-13,10-May-13,ARV,Adult,SCMS from RDC,"Efavirenz 600mg, tablets, 30 Tabs",Efavirenz,Generic,600mg,Tablet,30,120000,399600.0,3.33,0.11,"Hetero, Jadcherla, unit 5, IN",No,See DN-3173 (ID#:83687),See DN-3173 (ID#:83687),494.31
6595,110-ZM-T01,Pre-PQ Process,SCMS-38,ASN-25,Zambia,PMO - US,Direct Drop,FCA,Air,Pre-PQ Process,Date Not Captured,28-Aug-06,28-Aug-06,28-Aug-06,HRDT,HIV test,Abbott GmbH & Co. KG,"HIV 1/2, Determine Complete HIV Kit, 100 Tests","HIV 1/2, Determine Complete HIV Kit",Determine,,Test kit,100,500,40000.0,80.0,0.8,ABBVIE GmbH & Co.KG Wiesbaden,Yes,171,1187.19,
84359,107-RW-T30,FPQ-12766,SO-46485,DN-3642,Rwanda,PMO - US,From RDC,N/A - From RDC,Truck,8/2/13,N/A - From RDC,5-May-14,6-Jun-14,20-Jun-14,ARV,Adult,SCMS from RDC,"Efavirenz/Lamivudine/Tenofovir Disoproxil Fumarate 600/300/300mg, tablets, 30 Tabs",Efavirenz/Lamivudine/Tenofovir Disoproxil Fumarate,Generic,600/300/300mg,Tablet - FDC,30,30205,325609.9,10.78,0.36,Mylan (formerly Matrix) Nashik,No,See DN-3642 (ID#:82668),See DN-3642 (ID#:82668),402.78
83592,114-UG-T30,FPQ-9875,SO-42070,DN-2676,Uganda,PMO - US,From RDC,N/A - From RDC,Truck,5/9/12,N/A - From RDC,4-Jul-12,8-Jun-12,8-Jun-12,ARV,Adult,SCMS from RDC,"Nevirapine 200mg, tablets, 60 Tabs",Nevirapine,Generic,200mg,Tablet,60,8333,20332.52,2.44,0.04,"Strides, Bangalore, India.",Yes,479,4358.72,28.51
7721,116-ZA-T01,Pre-PQ Process,SCMS-40810,ASN-3634,South Africa,PMO - US,Direct Drop,DDP,Air,Pre-PQ Process,Date Not Captured,31-Mar-09,2-Dec-08,2-Dec-08,ARV,Adult,S. BUYS WHOLESALER,"Efavirenz 600mg, tablets, 30 Tabs",Efavirenz,Generic,600mg,Tablet,30,6734,98383.74,14.61,0.49,"Cipla, Goa, India",No,Weight Captured Separately,Freight Included in Commodity Cost,192.83
12050,112-NG-T01,Pre-PQ Process,SO-563,DN-209,Nigeria,PMO - US,From RDC,N/A - From RDC,,Pre-PQ Process,N/A - From RDC,3-Jul-07,3-Jul-07,3-Jul-07,ARV,Adult,SCMS from RDC,"Lamivudine 150mg, tablets, 60 Tabs",Lamivudine,Generic,150mg,Tablet,60,552,1827.12,3.31,0.06,"Ranbaxy, Paonta Shahib, India",No,See DN-209 (ID#:11136),See DN-209 (ID#:11136),2.92
50514,106-HT-T30,FPQ-13494,SCMS-225412,ASN-26564,Haiti,PMO - US,Direct Drop,EXW,Air,1/21/14,2/19/14,7-Aug-14,7-Aug-14,12-Aug-14,HRDT,HIV test,"Orgenics, Ltd","HIV 1/2, Determine Complete HIV Kit, 100 Tests","HIV 1/2, Determine Complete HIV Kit",Determine,,Test kit,100,4500,450000.0,100.0,1.0,"Alere Medical Co., Ltd.",Yes,1825,17758.82,462.6
83496,151-NG-T30,FPQ-7217,SO-39150,DN-2164,Nigeria,PMO - US,From RDC,N/A - From RDC,Air Charter,2/21/11,N/A - From RDC,15-Jun-11,11-May-11,11-May-11,ARV,Adult,SCMS from RDC,"Zidovudine 300mg, tablets, 60 Tabs",Zidovudine,Generic,300mg,Tablet,60,15000,108150.0,7.21,0.12,"Aurobindo Unit III, India",Yes,823,12601.06,178.45
85113,104-CI-T30,FPQ-4659,SO-35560,DN-1799,Côte d'Ivoire,PMO - US,From RDC,N/A - From RDC,Air,12/8/09,N/A - From RDC,10-May-10,7-May-10,7-May-10,ARV,Adult,SCMS from RDC,"Lamivudine 150mg, tablets, 60 Tabs",Lamivudine,Generic,150mg,Tablet,60,9316,22731.04,2.44,0.04,"Strides, Bangalore, India.",No,See DN-1799 (ID#:84560),See DN-1799 (ID#:84560),49.01
29282,900-TZ-T30,FPQ-10394,SCMS-156530,ASN-16470,Tanzania,PMO - US,Direct Drop,EXW,Air,7/26/12,8/9/12,1-Nov-12,1-Nov-12,1-Nov-12,ARV,Adult,HETERO LABS LIMITED,"Lamivudine/Zidovudine 150/300mg, tablets, 60 Tabs",Lamivudine/Zidovudine,Generic,150/300mg,Tablet - FDC,60,18456,130668.48,7.08,0.12,Hetero Unit III Hyderabad IN,No,See ASN-16470 (ID#:14279),See ASN-16470 (ID#:14279),183.2
1084,116-ZA-T01,Pre-PQ Process,SCMS-41581,ASN-4196,South Africa,PMO - US,Direct Drop,DDP,Air,Pre-PQ Process,3/27/09,25-Jun-09,14-Apr-09,14-Apr-09,ARV,Adult,S. BUYS WHOLESALER,"Lopinavir/Ritonavir 200/50mg [Aluvia], tablets, 120 Tabs",Lopinavir/Ritonavir,Aluvia,200/50mg,Tablet,120,3735,134385.3,35.98,0.3,ABBVIE Ludwigshafen Germany,Yes,Weight Captured Separately,Freight Included in Commodity Cost,263.4
8738,119-NA-T01,Pre-PQ Process,SCMS-31800,ASN-3210,Namibia,PMO - US,Direct Drop,EXW,Air,Pre-PQ Process,10/14/08,23-Jan-09,23-Jan-09,23-Jan-09,HRDT,HIV test,"Orgenics, Ltd","HIV 1/2, Clearview Complete Kit, 25 Tests","HIV 1/2, Clearview Complete Kit",Clearview,,Test kit,25,20,1500.0,75.0,3.0,Inverness USA,Yes,9,1153.43,2.94
84004,114-UG-T30,FPQ-5275,SO-36270,DN-1834,Uganda,PMO - US,From RDC,N/A - From RDC,Air,3/4/10,N/A - From RDC,31-May-10,19-May-10,19-May-10,ARV,Adult,SCMS from RDC,"Lamivudine/Nevirapine/Stavudine 150/200/30mg, tablets, 60 Tabs",Lamivudine/Nevirapine/Stavudine,Generic,150/200/30mg,Tablet - FDC,60,7800,47658.0,6.11,0.1,"Strides, Bangalore, India.",Yes,580,6637.05,102.75
84389,105-GY-T30,FPQ-14042,SO-48510,DN-3817,Guyana,PMO - US,From RDC,N/A - From RDC,Air,4/9/14,N/A - From RDC,30-Sep-14,29-Aug-14,8-Sep-14,ARV,Adult,SCMS from RDC,"Emtricitabine/Tenofovir Disoproxil Fumarate 200/300mg, tablets, 30 Tabs",Emtricitabine/Tenofovir Disoproxil Fumarate,Generic,200/300mg,Tablet - FDC,30,2238,12846.12,5.74,0.19,"Aurobindo Unit III, India",No,See DN-3817 (ID#:83822),See DN-3817 (ID#:83822),13.21
39850,101-CD-T30,FPQ-11081,SCMS-169010,ASN-17635,"Congo, DRC",PMO - US,Direct Drop,EXW,Air,11/26/12,12/7/12,30-Apr-13,30-Apr-13,30-Apr-13,ANTM,Malaria,ACTION MEDEOR E.V.,"Sulfadoxine/Pyrimethamine 500/25mg, tablets, 1000 Tabs",Sulfadoxine/Pyrimethamine,Generic,500/25mg,Tablet - FDC,1000,415,10026.4,24.16,0.02,"Micro Labs, Hosur, India",Yes,329,1731.89,12.4
82442,101-CD-T30,FPQ-8840,SO-41146,DN-2510,"Congo, DRC",PMO - US,From RDC,N/A - From RDC,Air,11/21/11,N/A - From RDC,16-Mar-12,23-Mar-12,23-Mar-12,ARV,Adult,SCMS from RDC,"Lamivudine/Tenofovir Disoproxil Fumarate 300/300mg, tablets, 30 Tabs",Lamivudine/Tenofovir Disoproxil Fumarate,Generic,300/300mg,Tablet - FDC,30,20,121.6,6.08,0.2,Mylan (formerly Matrix) Nashik,Yes,70,1524.5,0.17
10866,104-CI-T01,Pre-PQ Process,SO-959,DN-320,Côte d'Ivoire,PMO - US,From RDC,N/A - From RDC,,Pre-PQ Process,N/A - From RDC,30-Aug-07,30-Aug-07,30-Aug-07,ARV,Adult,SCMS from RDC,"Nevirapine 200mg, tablets, 60 Tabs",Nevirapine,Generic,200mg,Tablet,60,25799,87716.6,3.4,0.06,"Strides, Bangalore, India.",No,See DN-320 (ID#:10593),See DN-320 (ID#:10593),140.35
25928,106-HT-T30,FPQ-15038,SCMS-262980,ASN-30463,Haiti,PMO - US,Direct Drop,EXW,Ocean,10/22/14,1/7/15,9-Apr-15,9-Apr-15,13-Apr-15,ARV,Adult,HETERO LABS LIMITED,"Nevirapine 200mg, tablets, 60 Tabs",Nevirapine,Generic,200mg,Tablet,60,12600,27216.0,2.16,0.04,Hetero Unit III Hyderabad IN,No,See ASN-30463 (ID#:15460),See ASN-30463 (ID#:15460),27.98
58555,108-VN-T30,FPQ-7898,SCMS-113610,ASN-13012,Vietnam,PMO - US,Direct Drop,EXW,Air,6/27/11,7/8/11,20-Dec-11,20-Dec-11,20-Dec-11,ARV,Adult,STRIDES ARCOLAB LIMITED,"Lamivudine 150mg, tablets, 60 Tabs",Lamivudine,Generic,150mg,Tablet,60,16645,39115.75,2.35,0.04,"Strides, Bangalore, India.",Yes,742,5440.01,64.54
82574,151-NG-T30,FPQ-11022,SO-43842,DN-3148,Nigeria,PMO - US,From RDC,N/A - From RDC,Air Charter,11/15/12,N/A - From RDC,21-May-13,6-May-13,6-May-13,ARV,Adult,SCMS from RDC,"Nevirapine 200mg, tablets, 60 Tabs",Nevirapine,Generic,200mg,Tablet,60,57227,129333.02,2.26,0.04,"Strides, Bangalore, India.",Yes,4844,21591.1,159.98
69366,117-ET-T30,FPQ-5582,SCMS-72350,ASN-6929,Ethiopia,PMO - US,Direct Drop,EXW,Air,4/28/10,4/29/10,21-May-10,21-May-10,21-May-10,ARV,Adult,Aurobindo Pharma Limited,"Didanosine 400mg, delayed-release capsules, 30 Caps",Didanosine,Generic,400mg,Delayed-release capsules,30,500,10000.0,20.0,0.67,"Aurobindo Unit III, India",Yes,39,516.35,21.56
85466,104-CI-T30,FPQ-13142,SO-47150,DN-3656,Côte d'Ivoire,PMO - US,From RDC,N/A - From RDC,Truck,10/22/13,N/A - From RDC,30-Apr-14,22-Apr-14,11-Jun-14,ARV,Pediatric,SCMS from RDC,"Abacavir/Lamivudine 60/30mg, dispersible tablets, 60 Tabs",Abacavir/Lamivudine,Generic,60/30mg,Chewable/dispersible tablet - FDC,60,11000,61930.0,5.63,0.09,"Cipla, Patalganga, India",No,See DN-3656 (ID#:84922),See DN-3656 (ID#:84922),63.66
40136,116-ZA-T30,FPQ-14942,SCMS-259076,ASN-32524,South Africa,PMO - US,Direct Drop,DDP,Truck,9/11/14,6/2/15,2-Jun-15,2-Jun-15,2-Jun-15,ARV,Pediatric,PHARMACY DIRECT,"Efavirenz 200mg, capsule, 90 Caps",Efavirenz,Generic,200mg,Capsule,90,8,136.35,17.04,0.19,"Aurobindo Unit III, India",No,Weight Captured Separately,Freight Included in Commodity Cost,0.14
35054,108-VN-T30,FPQ-15692,SCMS-274370,ASN-32261,Vietnam,PMO - US,Direct Drop,EXW,Air,1/28/15,2/17/15,13-Jul-15,13-Jul-15,14-Jul-15,ARV,Adult,HETERO LABS LIMITED,"Efavirenz/Lamivudine/Tenofovir Disoproxil Fumarate 600/300/300mg, tablets, 30 Tabs",Efavirenz/Lamivudine/Tenofovir Disoproxil Fumarate,Generic,600/300/300mg,Tablet - FDC,30,17760,177600.0,10.0,0.33,Hetero Unit III Hyderabad IN,Yes,2516,3809.94,209.04
30186,108-VN-T30,FPQ-5899,SCMS-77270,ASN-7730,Vietnam,PMO - US,Direct Drop,EXW,Air,6/23/10,6/30/10,3-Nov-10,3-Nov-10,3-Nov-10,ARV,Adult,MYLAN LABORATORIES LTD (FORMERLY MATRIX LABORATORIES),"Abacavir 300mg, tablets, 60 Tabs",Abacavir,Generic,300mg,Tablet,60,200,3148.0,15.74,0.26,Mylan (formerly Matrix) Nashik,Yes,22,3587.81,6.79
5522,108-VN-T01,Pre-PQ Process,SCMS-14210,ASN-1340,Vietnam,PMO - US,Direct Drop,FCA,Air,Pre-PQ Process,11/22/07,6-Mar-08,6-Mar-08,6-Mar-08,ARV,Adult,ABBVIE LOGISTICS (FORMERLY ABBOTT LOGISTICS BV),"Lopinavir/Ritonavir 200/50mg [Aluvia], tablets, 120 Tabs",Lopinavir/Ritonavir,Aluvia,200/50mg,Tablet,120,1000,82200.0,82.2,0.68,ABBVIE Ludwigshafen Germany,Yes,249,3120.92,131.52
83651,114-UG-T30,FPQ-11143,SO-43961,DN-3001,Uganda,PMO - US,From RDC,N/A - From RDC,Air,12/13/12,N/A - From RDC,22-Feb-13,20-Feb-13,20-Feb-13,ARV,Adult,SCMS from RDC,"Efavirenz 600mg, tablets, 30 Tabs",Efavirenz,Generic,600mg,Tablet,30,24966,88878.96,3.56,0.12,"Strides, Bangalore, India.",Yes,5391,28382.05,109.94
12090,111-MZ-T01,Pre-PQ Process,SO-298,DN-304,Mozambique,PMO - US,From RDC,N/A - From RDC,Air,Pre-PQ Process,N/A - From RDC,21-Sep-07,21-Sep-07,21-Sep-07,ARV,Adult,SCMS from RDC,"Indinavir 400mg [Crixivan], capsules, 180 Caps",Indinavir,Crixivan,400mg,Capsule,180,740,36496.8,49.32,0.27,MSD Elkton USA,No,See DN-304 (ID#:10589),See DN-304 (ID#:10589),58.39
84398,111-MZ-T30,FPQ-13123,SO-47080,DN-3828,Mozambique,PMO - US,From RDC,N/A - From RDC,Truck,10/21/13,N/A - From RDC,29-Aug-14,5-Nov-14,7-Nov-14,ARV,Adult,SCMS from RDC,"Lamivudine/Stavudine 150/30mg, tablets, 60 Tabs",Lamivudine/Stavudine,Generic,150/30mg,Tablet - FDC,60,5232,13027.68,2.49,0.04,"Strides, Bangalore, India.",No,See DN-3828 (ID#:82713),See DN-3828 (ID#:82713),13.39
39263,108-VN-T30,FPQ-6384,SCMS-87780,ASN-9408,Vietnam,PMO - US,Direct Drop,EXW,Air,9/30/10,10/18/10,16-Feb-11,16-Feb-11,16-Feb-11,ARV,Adult,HETERO LABS LIMITED,"Nevirapine 200mg, tablets, 60 Tabs",Nevirapine,Generic,200mg,Tablet,60,9023,21925.89,2.43,0.04,Hetero Unit III Hyderabad IN,Yes,5359,18473.57,47.27
78419,103-ZW-T30,FPQ-9905,SCMS-148310,ASN-18001,Zimbabwe,PMO - US,Direct Drop,FCA,Air,5/29/12,7/18/12,9-Feb-13,14-Mar-13,14-Mar-13,ARV,Pediatric,ABBVIE LOGISTICS (FORMERLY ABBOTT LOGISTICS BV),"Lopinavir/Ritonavir 80/20mg/ml [Kaletra], oral solution, cool, Bottle 5 x 60 ml",Lopinavir/Ritonavir,Kaletra,80/20mg/ml,Oral solution,300,1021,31467.22,30.82,0.1,ABBVIE (Abbott) Logis. UK,Yes,1013,13257.79,44.12
48559,116-ZA-T30,FPQ-14942,SCMS-259077,ASN-33477,South Africa,PMO - US,Direct Drop,DDP,Truck,9/11/14,10/9/14,24-Jul-15,24-Jul-15,24-Jul-15,ARV,Adult,PHARMACY DIRECT,"Nevirapine 200mg, tablets, 60 Tabs",Nevirapine,Generic,200mg,Tablet,60,20,256.48,12.82,0.21,"Aurobindo Unit III, India",No,Weight Captured Separately,Freight Included in Commodity Cost,0.26
11274,110-ZM-T01,Pre-PQ Process,SO-19410,DN-1028,Zambia,PMO - US,From RDC,N/A - From RDC,Truck,Pre-PQ Process,N/A - From RDC,8-Dec-08,8-Dec-08,8-Dec-08,ARV,Adult,SCMS from RDC,"Zidovudine 300mg, tablets, 60 Tabs",Zidovudine,Generic,300mg,Tablet,60,1294,10546.1,8.15,0.14,"Aurobindo Unit III, India",Yes,76,1062.5,20.67
5703,108-VN-T01,Pre-PQ Process,SCMS-20341,ASN-1691,Vietnam,PMO - US,Direct Drop,EXW,Air,Pre-PQ Process,4/10/08,1-Jun-08,22-May-08,22-May-08,ARV,Adult,MYLAN LABORATORIES LTD (FORMERLY MATRIX LABORATORIES),"Tenofovir Disoproxil Fumarate 300mg, tablets, 30 Tabs",Tenofovir Disoproxil Fumarate,Generic,300mg,Tablet,30,2016,27538.56,13.66,0.46,Mylan (formerly Matrix) Nashik,Yes,122,2864.44,44.06
12897,110-ZM-T01,Pre-PQ Process,SO-17640,DN-1324,Zambia,PMO - US,From RDC,N/A - From RDC,Air,Date Not Captured,N/A - From RDC,4-Sep-09,4-Sep-09,4-Sep-09,ARV,Adult,SCMS from RDC,"Efavirenz 600mg, tablets, 30 Tabs",Efavirenz,Generic,600mg,Tablet,30,22260,244860.0,11.0,0.37,"Aurobindo Unit III, India",Yes,1921,2448.71,479.93
62516,108-VN-T30,FPQ-9001,SCMS-131580,ASN-15388,Vietnam,PMO - US,Direct Drop,FCA,Air,12/15/11,1/25/12,26-Jul-12,26-Jul-12,26-Jul-12,ARV,Adult,ABBVIE LOGISTICS (FORMERLY ABBOTT LOGISTICS BV),"Lopinavir/Ritonavir 200/50mg [Aluvia], tablets, 120 Tabs",Lopinavir/Ritonavir,Aluvia,200/50mg,Tablet,120,7078,430483.96,60.82,0.51,ABBVIE Ludwigshafen Germany,Yes,1724,5248.47,603.54
65484,108-VN-T30,FPQ-9577,SCMS-145330,ASN-16020,Vietnam,PMO - US,Direct Drop,FCA,Air,4/11/12,6/15/12,27-Oct-12,27-Oct-12,27-Oct-12,ARV,Adult,ABBVIE LOGISTICS (FORMERLY ABBOTT LOGISTICS BV),"Ritonavir 100mg [Norvir], film coated tablets, 30 Tabs",Ritonavir,Norvir,100mg,Tablet,30,326,7582.76,23.26,0.78,ABBVIE Ludwigshafen Germany,Yes,34,404.78,10.63
63111,102-ML-T30,FPQ-13391,SCMS-221930,ASN-24507,Mali,PMO - US,Direct Drop,EXW,Air,12/16/13,1/22/14,19-Mar-14,19-Mar-14,24-Mar-14,HRDT,HIV test - Ancillary,"Orgenics, Ltd","HIV, Lancet, Safety, for HIV Test kits, 100 Pcs","HIV, Lancet, Safety, for HIV Test kits, 100 Pcs",Generic,,Test kit - Ancillary,100,153,765.0,5.0,0.05,"Alere Medical Co., Ltd.",No,See ASN-24507 (ID#:53327),See ASN-24507 (ID#:53327),0.79
422,116-ZA-T01,Pre-PQ Process,SCMS-19800,ASN-1665,South Africa,PMO - US,Direct Drop,DDP,Truck,Pre-PQ Process,2/20/08,24-Apr-08,24-Apr-08,24-Apr-08,ARV,Adult,S. BUYS WHOLESALER,"Saquinavir 200mg [Invirase], capsules, 270 Caps",Saquinavir,Invirase,200mg,Capsule,270,6,405.06,67.51,0.25,Roche Basel,Yes,Weight Captured Separately,Freight Included in Commodity Cost,0.65
6082,108-VN-T01,Pre-PQ Process,SCMS-31730,ASN-3313,Vietnam,PMO - US,Direct Drop,EXW,Air,Pre-PQ Process,10/21/08,23-Feb-09,23-Feb-09,23-Feb-09,ARV,Adult,Aurobindo Pharma Limited,"Nevirapine 200mg, tablets, 60 Tabs",Nevirapine,Generic,200mg,Tablet,60,4200,12180.0,2.9,0.05,"Aurobindo Unit III, India",No,See ASN-3313 (ID#:3456),See ASN-3313 (ID#:3456),23.87
50438,116-ZA-T30,FPQ-14942,SCMS-259073,ASN-30671,South Africa,PMO - US,Direct Drop,DDP,Truck,9/11/14,2/12/15,12-Feb-15,12-Feb-15,12-Feb-15,ARV,Adult,PHARMACY DIRECT,"Didanosine 400mg, delayed-release capsules, 30 Caps",Didanosine,Generic,400mg,Delayed-release capsules,30,6,85.3,14.22,0.47,"Aurobindo Unit III, India",No,Weight Captured Separately,Freight Included in Commodity Cost,0.09
84520,106-HT-T30,FPQ-4384,SO-34880,DN-1575,Haiti,PMO - US,From RDC,N/A - From RDC,Air,10/23/09,N/A - From RDC,9-Dec-09,5-Dec-09,5-Dec-09,ARV,Adult,SCMS from RDC,"Abacavir 300mg, tablets, 60 Tabs",Abacavir,Generic,300mg,Tablet,60,315,6747.3,21.42,0.36,"Aurobindo Unit III, India",Yes,1045,750.9,14.55
85363,151-NG-T30,FPQ-11022,SO-45190,DN-3170,Nigeria,PMO - US,From RDC,N/A - From RDC,Air Charter,11/15/12,N/A - From RDC,21-May-13,10-May-13,10-May-13,ARV,Adult,SCMS from RDC,"Lamivudine/Nevirapine/Zidovudine 150/200/300mg, tablets, 60 Tabs",Lamivudine/Nevirapine/Zidovudine,Generic,150/300/200mg,Tablet - FDC,60,31132,267112.56,8.58,0.14,Hetero Unit III Hyderabad IN,Yes,5041,20666.08,330.42
84263,151-NG-T30,FPQ-11771,SO-44752,DN-3174,Nigeria,PMO - US,From RDC,N/A - From RDC,Air Charter,2/28/13,N/A - From RDC,21-Aug-13,10-May-13,10-May-13,ARV,Pediatric,SCMS from RDC,"Abacavir/Lamivudine 60/30mg, tablets, 60 Tabs",Abacavir/Lamivudine,Generic,60/30mg,Tablet - FDC,60,763,3509.8,4.6,0.08,"Aurobindo Unit III, India",Yes,56,20666.07,4.34
72240,151-NG-T30,FPQ-16312,SCMS-287710,ASN-33334,Nigeria,PMO - US,Direct Drop,EXW,Air,5/4/15,5/7/15,7-Aug-15,7-Aug-15,10-Aug-15,ARV,Adult,EMCURE PHARMACEUTICALS LTD,"Atazanavir/Ritonavir 300/100mg, tablets, 30 Tabs",Atazanavir/Ritonavir,Generic,300/100mg,Tablet,30,6878,123804.0,18.0,0.6,"Emcure Plot No.P-2, I.T-B.T. Park, Phase II, MIDC, Hinjwadi, Pune, India",Yes,Weight Captured Separately,Invoiced Separately,145.72
49076,108-VN-T30,FPQ-11418,SCMS-176270,ASN-19860,Vietnam,PMO - US,Direct Drop,EXW,Air,1/29/13,2/6/13,5-Jul-13,5-Jul-13,5-Jul-13,ARV,Adult,HETERO LABS LIMITED,"Lamivudine/Nevirapine/Zidovudine 150/200/300mg, tablets, 60 Tabs",Lamivudine/Nevirapine/Zidovudine,Generic,150/300/200mg,Tablet - FDC,60,39045,320559.45,8.21,0.14,Hetero Unit III Hyderabad IN,Yes,5092,7312.6,396.53
78671,161-ZA-T30,FPQ-6708,SCMS-93510,ASN-11510,South Africa,PMO - US,Direct Drop,DDP,Ocean,11/26/10,12/14/10,14-Oct-11,14-Oct-11,14-Oct-11,ARV,Pediatric,Aurobindo Pharma Limited,"Nevirapine 10mg/ml, oral suspension w/syringe, Bottle, 240 ml",Nevirapine,Generic,10mg/ml,Oral suspension,240,8500,18020.0,2.12,0.01,"Aurobindo Unit III, India",Yes,3061,3530.94,29.73
84154,102-BI-T30,FPQ-9229,SO-41530,DN-2594,Burundi,PMO - US,From RDC,N/A - From RDC,Air,1/25/12,N/A - From RDC,26-Apr-12,4-May-12,4-May-12,ARV,Adult,SCMS from RDC,"Nevirapine 200mg, tablets, 60 Tabs",Nevirapine,Generic,200mg,Tablet,60,1800,4518.0,2.51,0.04,"Strides, Bangalore, India.",No,See DN-2594 (ID#:83021),See DN-2594 (ID#:83021),6.33
10809,107-RW-T01,Pre-PQ Process,SO-249,DN-6,Rwanda,PMO - US,From RDC,N/A - From RDC,Air,Pre-PQ Process,N/A - From RDC,1-Feb-07,1-Feb-07,1-Feb-07,ARV,Adult,SCMS from RDC,"Abacavir 300mg, tablets, 60 Tabs",Abacavir,Generic,300mg,Tablet,60,600,21480.0,35.8,0.6,"Aurobindo Unit III, India",Yes,55,913.15,
26571,144-BW-T30,FPQ-4167,SCMS-54170,ASN-5725,Botswana,PMO - US,Direct Drop,EXW,Air,9/9/09,9/30/09,5-Feb-10,5-Feb-10,5-Feb-10,HRDT,HIV test - Ancillary,Orasure Technologies Inc.,"#109435**HIV, OraQuick Controls Kit, 3 Vials","HIV, OraQuick Controls Kit, 3 Vials",OraQuick,,Test kit - Ancillary,3,10,250.0,25.0,8.33,"Orasure Technologies, Inc USA",Yes,6,322.12,0.49
56950,161-ZA-T30,FPQ-5648,SCMS-75650,ASN-9846,South Africa,PMO - US,Direct Drop,DDP,Ocean,6/2/10,6/17/10,17-Mar-11,17-Mar-11,17-Mar-11,ARV,Pediatric,Aurobindo Pharma Limited,"Lamivudine 10mg/ml, oral solution w/syringe, Bottle, 240 ml",Lamivudine,Generic,10mg/ml,Oral solution,240,33476,70969.12,2.12,0.01,"Aurobindo Unit III, India",Yes,Weight Captured Separately,Freight Included in Commodity Cost,153.01
71308,144-BW-T30,FPQ-4167,SCMS-54190,ASN-6563,Botswana,PMO - US,Direct Drop,EXW,Air,9/9/09,9/30/09,20-Apr-10,20-Apr-10,20-Apr-10,HRDT,HIV test - Ancillary,Orasure Technologies Inc.,"#109435**HIV, OraQuick Controls Kit, 3 Vials","HIV, OraQuick Controls Kit, 3 Vials",OraQuick,,Test kit - Ancillary,3,10,250.0,25.0,8.33,"Orasure Technologies, Inc USA",Yes,7,403.66,0.49
73122,111-MZ-T30,FPQ-15221,SCMS-270120,ASN-32420,Mozambique,PMO - US,Direct Drop,CIP,Air,10/28/14,12/19/14,9-Jun-15,9-Jun-15,16-Jul-15,ARV,Adult,MERCK SHARP & DOHME IDEA GMBH (FORMALLY MERCK SHARP & DOHME B.V.),"Raltegravir 400mg [Isentress], tablets, 60 Tabs",Raltegravir,Isentress,400mg,Tablet,60,100,5550.0,55.5,0.92,"MSD, Haarlem, NL",No,Weight Captured Separately,Freight Included in Commodity Cost,6.53
11867,104-CI-T01,Pre-PQ Process,SO-2045,DN-761,Côte d'Ivoire,PMO - US,From RDC,N/A - From RDC,Air,Pre-PQ Process,N/A - From RDC,2-Jun-08,2-Jun-08,2-Jun-08,ARV,Pediatric,SCMS from RDC,"Lamivudine 10mg/ml, oral solution, Bottle, 240 ml",Lamivudine,Generic,10mg/ml,Oral solution,240,7700,15169.0,1.97,0.01,"Aurobindo Unit III, India",No,See DN-761 (ID#:10951),See DN-761 (ID#:10951),24.27
82346,151-NG-T30,FPQ-5688,SO-36932,DN-1976,Nigeria,PMO - US,From RDC,N/A - From RDC,Air Charter,5/27/10,N/A - From RDC,31-Aug-10,17-Aug-10,17-Aug-10,ARV,Adult,SCMS from RDC,"Lamivudine/Nevirapine/Zidovudine 150/200/300mg, tablets, 60 Tabs",Lamivudine/Nevirapine/Zidovudine,Generic,150/300/200mg,Tablet - FDC,60,32040,359488.8,11.22,0.19,"Aurobindo Unit III, India",Yes,4212,6147.18,775.06
11133,112-NG-T01,Pre-PQ Process,SO-663,DN-190,Nigeria,PMO - US,From RDC,N/A - From RDC,,Pre-PQ Process,N/A - From RDC,26-Jun-07,26-Jun-07,26-Jun-07,ARV,Adult,SCMS from RDC,"Stavudine 30mg, capsules, 60 Caps",Stavudine,Generic,30mg,Capsule,60,700,1064.0,1.52,0.03,"Strides, Bangalore, India.",No,See DN-190 (ID#:10570),See DN-190 (ID#:10570),1.7
82729,901-NA-T30,FPQ-14670,SO-49560,DN-3907,Namibia,PMO - US,From RDC,N/A - From RDC,Truck,7/30/14,N/A - From RDC,30-Sep-14,15-Sep-14,25-Sep-14,ARV,Adult,SCMS from RDC,"Lamivudine/Nevirapine/Zidovudine 150/200/300mg, tablets, 60 Tabs",Lamivudine/Nevirapine/Zidovudine,Generic,150/300/200mg,Tablet - FDC,60,40000,324400.0,8.11,0.14,"Cipla, Goa, India",Yes,9632,15571.48,333.48
74492,107-RW-T30,FPQ-8742,SCMS-137540,ASN-14799,Rwanda,PMO - US,Direct Drop,EXW,Ocean,12/7/11,4/3/12,16-Jul-12,16-Jul-12,16-Jul-12,ARV,Adult,MYLAN LABORATORIES LTD (FORMERLY MATRIX LABORATORIES),"Efavirenz/Lamivudine/Tenofovir Disoproxil Fumarate 600/300/300mg, tablets, 30 Tabs",Efavirenz/Lamivudine/Tenofovir Disoproxil Fumarate,Generic,600/300/300mg,Tablet - FDC,30,39330,511290.0,13.0,0.43,Mylan (formerly Matrix) Nashik,Yes,4426,66916.5,716.83
84665,104-CI-T30,FPQ-7659,SO-40110,DN-2311,Côte d'Ivoire,PMO - US,From RDC,N/A - From RDC,Air,5/3/11,N/A - From RDC,25-Oct-11,5-Aug-11,5-Aug-11,ARV,Pediatric,SCMS from RDC,"Abacavir 20mg/ml, oral solution w/syringe, Bottle, 240 ml",Abacavir,Generic,20mg/ml,Oral solution,240,576,7200.0,12.5,0.05,"Aurobindo Unit III, India",Yes,212,1771.26,11.88
83279,111-MZ-T30,FPQ-13166,SO-47610,DN-3935,Mozambique,PMO - US,From RDC,N/A - From RDC,Truck,10/21/13,N/A - From RDC,31-Oct-14,30-Oct-14,13-Nov-14,ARV,Adult,SCMS from RDC,"Abacavir/Lamivudine 600/300mg, tablets, 30 Tabs",Abacavir/Lamivudine,Generic,600/300mg,Tablet - FDC,30,1934,26147.68,13.52,0.45,"Cipla, Patalganga, India",Yes,195,63.07,26.88
85966,151-NG-T30,FPQ-11022,SO-43841,DN-3151,Nigeria,PMO - US,From RDC,N/A - From RDC,Air,11/15/12,N/A - From RDC,21-May-13,23-May-13,23-May-13,ARV,Pediatric,SCMS from RDC,"Lamivudine/Nevirapine/Stavudine 60/100/12mg, dispersible tablets, 60 Tabs",Lamivudine/Nevirapine/Stavudine,Generic,60/100/12mg,Chewable/dispersible tablet - FDC,60,2027,8716.1,4.3,0.07,"Cipla, Goa, India",Yes,218,1941.82,10.78
914,104-CI-T01,Pre-PQ Process,SCMS-35790,ASN-3242,Côte d'Ivoire,PMO - US,Direct Drop,EXW,Air,Pre-PQ Process,12/19/08,2-Mar-09,2-Mar-09,2-Mar-09,ANTM,Malaria,IDA FOUNDATION,"Quinine 600mg/2ml (as dihydrochloride), injection, 2ml x 100 Ampules",Quinine (as dihydrochloride),Generic,600mg/2ml,Injection,100,140,2731.4,19.51,0.2,Gland Pharma Ltd Pally Factory,Yes,5209,25405.22,5.35
12527,112-NG-T01,Pre-PQ Process,SO-11020,DN-1013,Nigeria,PMO - US,From RDC,N/A - From RDC,Air,Pre-PQ Process,N/A - From RDC,20-Nov-08,20-Nov-08,20-Nov-08,ARV,Pediatric,SCMS from RDC,"Stavudine 1mg/ml, powder for oral solution, 200 ml",Stavudine,Generic,1mg/ml,Oral solution,200,36,50.4,1.4,0.01,"Aurobindo Unit III, India",Yes,4,857.17,0.1
71965,113-ZW-T30,FPQ-7521,SCMS-108000,ASN-12245,Zimbabwe,PMO - US,Direct Drop,EXW,Air,4/7/11,5/5/11,19-Oct-11,18-Oct-11,18-Oct-11,HRDT,HIV test,"Orgenics, Ltd","HIV 1/2, Determine Complete HIV Kit, 100 Tests","HIV 1/2, Determine Complete HIV Kit",Determine,,Test kit,100,1145,91600.0,80.0,0.8,Inverness Japan,Yes,647,13312.88,151.14
68572,109-TZ-T30,FPQ-13569,SCMS-225820,ASN-25604,Tanzania,PMO - US,Direct Drop,EXW,Air,1/21/14,2/14/14,27-May-14,27-May-14,28-May-14,ARV,Adult,MYLAN LABORATORIES LTD (FORMERLY MATRIX LABORATORIES),"Atazanavir/Ritonavir 300/100mg, tablets, 30 Tabs",Atazanavir/Ritonavir,Generic,300/100mg,Tablet,30,10565,211300.0,20.0,0.67,Mylan (formerly Matrix) Nashik,Yes,1412,6758.01,217.22
84412,110-ZM-T30,FPQ-13692,SO-47993,DN-3942,Zambia,PMO - US,From RDC,N/A - From RDC,Truck,2/6/14,N/A - From RDC,31-Oct-14,10-Oct-14,29-Oct-14,ARV,Adult,SCMS from RDC,"Zidovudine 300mg, tablets, 60 Tabs",Zidovudine,Generic,300mg,Tablet,60,1240,6919.2,5.58,0.09,"Aurobindo Unit III, India",Yes,73,4937.65,7.11
82404,151-NG-T30,FPQ-7812,SO-39997,DN-2356,Nigeria,PMO - US,From RDC,N/A - From RDC,Air Charter,6/6/11,N/A - From RDC,3-Nov-11,28-Sep-11,28-Sep-11,ARV,Adult,SCMS from RDC,"Emtricitabine/Tenofovir Disoproxil Fumarate 200/300mg, tablets, 30 Tabs",Emtricitabine/Tenofovir Disoproxil Fumarate,Generic,200/300mg,Tablet - FDC,30,115089,1127872.2,9.8,0.33,Mylan (formerly Matrix) Nashik,Yes,11004,18495.9,1860.99
86256,106-HT-T30,FPQ-4469,SO-34230,DN-1617,Haiti,PMO - US,From RDC,N/A - From RDC,Air,9/23/09,N/A - From RDC,5-Mar-10,24-Feb-10,24-Feb-10,ARV,Pediatric,SCMS from RDC,"Efavirenz 50mg, capsule, 30 Caps",Efavirenz,Generic,50mg,Capsule,30,1528,3422.72,2.24,0.07,"Aurobindo Unit III, India",No,See DN-1617 (ID#:83395),See DN-1617 (ID#:83395),7.38
12739,104-CI-T01,Pre-PQ Process,SO-1101,DN-434,Côte d'Ivoire,PMO - US,From RDC,N/A - From RDC,Air,Pre-PQ Process,N/A - From RDC,22-Nov-07,22-Nov-07,22-Nov-07,ARV,Pediatric,SCMS from RDC,"Abacavir 20mg/ml, oral solution, Bottle, 240 ml",Abacavir,Generic,20mg/ml,Oral solution,240,96,2400.0,25.0,0.1,"Aurobindo Unit III, India",No,See DN-434 (ID#:11483),See DN-434 (ID#:11483),3.84
12248,110-ZM-T01,Pre-PQ Process,SO-2544,DN-1056,Zambia,PMO - US,From RDC,N/A - From RDC,Truck,Pre-PQ Process,N/A - From RDC,16-Feb-09,16-Feb-09,16-Feb-09,ARV,Adult,SCMS from RDC,"Emtricitabine/Tenofovir Disoproxil Fumarate 200/300mg [Truvada], tablets, 30 Tabs",Emtricitabine/Tenofovir Disoproxil Fumarate,Truvada,300/200mg,Tablet - FDC,30,100000,2625000.0,26.25,0.88,"Aspen-OSD, Port Elizabeth, SA",Yes,9000,14036.31,5145.0
50758,109-TZ-T30,FPQ-4157,SCMS-52770,ASN-5791,Tanzania,PMO - US,Direct Drop,EXW,Air,8/27/09,9/3/09,10-Feb-10,10-Feb-10,10-Feb-10,HRDT,HIV test,"Standard Diagnostics, Inc.","HIV 1/2, Bioline 3.0 Kit, (no accessories), 30 Tests","HIV 1/2, Bioline 3.0 Kit (no accessories)",Bioline,,Test kit,30,11990,287760.0,24.0,0.8,"Standard Diagnostics, Korea",Yes,3997,28620.81,564.01
61274,116-ZA-T30,FPQ-14942,SCMS-259075,ASN-32138,South Africa,PMO - US,Direct Drop,DDP,Truck,9/11/14,5/11/15,12-May-15,12-May-15,12-May-15,ARV,Adult,PHARMACY DIRECT,"Zidovudine 300mg, tablets, 60 Tabs",Zidovudine,Generic,300mg,Tablet,60,3,54.1,18.03,0.3,"Aurobindo Unit III, India",No,Weight Captured Separately,Freight Included in Commodity Cost,0.06
83600,151-NG-T30,FPQ-9432,SO-41682,DN-2729,Nigeria,PMO - US,From RDC,N/A - From RDC,Air Charter,3/1/12,N/A - From RDC,2-Aug-12,9-Jul-12,9-Jul-12,ARV,Adult,SCMS from RDC,"Efavirenz 600mg, tablets, 30 Tabs",Efavirenz,Generic,600mg,Tablet,30,840,3200.4,3.81,0.13,"Strides, Bangalore, India.",No,See DN-2729 (ID#:82487),See DN-2729 (ID#:82487),4.49
72988,101-CD-T30,FPQ-13548,SCMS-224840,ASN-24721,"Congo, DRC",PMO - US,Direct Drop,EXW,Air,1/22/14,1/28/14,4-Apr-14,4-Apr-14,28-Apr-14,HRDT,HIV test,"Trinity Biotech, Plc","HIV 1/2, Uni-Gold HIV Kit, 20 Tests","HIV 1/2, Uni-Gold HIV Kit",Uni-Gold,,Test kit,20,34,1088.0,32.0,1.6,"Trinity Biotech, Plc",No,See ASN-24721 (ID#:13708),See ASN-24721 (ID#:13708),1.12
12189,114-UG-T01,Pre-PQ Process,SO-2792,DN-793,Uganda,PMO - US,From RDC,N/A - From RDC,Air,Pre-PQ Process,N/A - From RDC,22-Jul-08,22-Jul-08,22-Jul-08,ARV,Pediatric,SCMS from RDC,"Zidovudine 10mg/ml, oral solution, Bottle, 240 ml",Zidovudine,Generic,10mg/ml,Oral solution,240,6036,12675.6,2.1,0.01,"Aurobindo Unit III, India",Yes,2253,15923.41,20.28
57596,900-SZ-T30,FPQ-8386,SCMS-122660,ASN-12494,Swaziland,PMO - US,Direct Drop,EXW,Ocean,9/14/11,9/22/11,15-Dec-11,15-Dec-11,15-Dec-11,ARV,Adult,MYLAN LABORATORIES LTD (FORMERLY MATRIX LABORATORIES),"Efavirenz/Lamivudine/Tenofovir Disoproxil Fumarate 600/300/300mg, tablets, 30 Tabs",Efavirenz/Lamivudine/Tenofovir Disoproxil Fumarate,Generic,600/300/300mg,Tablet - FDC,30,97300,1371930.0,14.1,0.47,Mylan (formerly Matrix) Nashik,Yes,11433,12323.93,2263.68
50383,109-TZ-T30,FPQ-7992,SCMS-117230,ASN-13952,Tanzania,PMO - US,Direct Drop,FCA,Air,7/8/11,8/4/11,29-Mar-12,29-Mar-12,29-Mar-12,ARV,Pediatric,LAWRENCE LABORATORIES (SUBSIDIARY OF BRISTOL MYERS SQUIBB),"Didanosine 25mg [Videx], chewable tablets, 60 Tabs",Didanosine,Videx,25mg,Chewable/dispersible tablet,60,3000,21000.0,7.0,0.12,Bristol-Myers Squibb Anagni IT,No,See ASN-13952 (ID#:16173),See ASN-13952 (ID#:16173),34.65
85844,102-BI-T30,FPQ-9229,SO-41530,DN-2594,Burundi,PMO - US,From RDC,N/A - From RDC,Air,1/25/12,N/A - From RDC,26-Apr-12,4-May-12,4-May-12,ARV,Pediatric,SCMS from RDC,"Nevirapine 10mg/ml, oral suspension w/syringe, Bottle, 240 ml",Nevirapine,Generic,10mg/ml,Oral suspension,240,170,331.5,1.95,0.01,"Aurobindo Unit III, India",No,See DN-2594 (ID#:83021),See DN-2594 (ID#:83021),0.46
15804,102-ML-T30,FPQ-11783,SCMS-182801,ASN-19657,Mali,PMO - US,Direct Drop,EXW,Air,3/15/13,4/11/13,3-Jul-13,3-Jul-13,3-Jul-13,HRDT,HIV test,"Orgenics, Ltd","HIV 1/2, Clearview Complete Kit, 25 Tests","HIV 1/2, Clearview Complete Kit",Clearview,,Test kit,25,20,1900.0,95.0,3.8,Chembio Diagnostics Sys. Inc.,Yes,9,779.06,2.35
49540,103-SS-T30,FPQ-11497,SCMS-176740,ASN-18612,South Sudan,PMO - US,Direct Drop,EXW,Air,1/18/13,2/8/13,23-May-13,23-May-13,23-May-13,ARV,Pediatric,Aurobindo Pharma Limited,"Nevirapine 50mg, dispersible tablets (tablets for oral suspension), 30 Tabs",Nevirapine,Generic,50mg,Chewable/dispersible tablet,30,625,781.25,1.25,0.04,"Aurobindo Unit III, India",Yes,34,1191.93,0.97
10535,111-MZ-T01,Pre-PQ Process,SO-321,DN-13,Mozambique,PMO - US,From RDC,N/A - From RDC,Air,Pre-PQ Process,N/A - From RDC,8-Jan-07,8-Jan-07,8-Jan-07,ARV,Adult,SCMS from RDC,"Nelfinavir (as mesilate) 250mg [Viracept], tablets, 270 Tabs",Nelfinavir (as mesilate),Viracept,250mg,Tablet,270,764,60814.4,79.6,0.29,Roche Madrid,Yes,1669,859.14,
1730,102-NG-T01,Pre-PQ Process,SCMS-21580,ASN-1797,Nigeria,PMO - US,Direct Drop,EXW,Air,Pre-PQ Process,Date Not Captured,28-May-08,28-May-08,28-May-08,HRDT,HIV test - Ancillary,"Orgenics, Ltd","HIV, Lancet, Safety, for HIV Test kits, 100 Pcs","HIV, Lancet, Safety, for HIV Test kits, 100 Pcs",Generic,,Test kit - Ancillary,100,1130,11.3,0.01,0.0,Inverness Japan,Yes,Weight Captured Separately,Invoiced Separately,0.02
61896,102-ML-T30,FPQ-11783,SCMS-182800,ASN-19649,Mali,PMO - US,Direct Drop,EXW,Air,3/15/13,4/11/13,11-Jun-13,11-Jun-13,11-Jun-13,HRDT,HIV test - Ancillary,"Orgenics, Ltd","HIV, Lancet, Safety, for HIV Test kits, 100 Pcs","HIV, Lancet, Safety, for HIV Test kits, 100 Pcs",Generic,,Test kit - Ancillary,100,21,105.0,5.0,0.05,"Alere Medical Co., Ltd.",No,See ASN-19649 (ID#:15382),See ASN-19649 (ID#:15382),0.13
23223,116-ZA-T30,FPQ-12523,SCMS-199315,ASN-27210,South Africa,PMO - US,Direct Drop,DDP,Truck,7/12/13,7/11/14,11-Jul-14,11-Jul-14,11-Jul-14,ARV,Pediatric,S. BUYS WHOLESALER,"Atazanavir 150mg [Reyataz], capsules, 60 Caps",Atazanavir,Reyataz,150mg,Capsule,60,2,51.37,25.68,0.43,"BMS Evansville, US",Yes,Weight Captured Separately,Freight Included in Commodity Cost,0.06
82570,114-UG-T30,FPQ-11133,SO-43890,DN-3122,Uganda,PMO - US,From RDC,N/A - From RDC,Truck,12/13/12,N/A - From RDC,7-Jun-13,7-Jun-13,7-Jun-13,ARV,Adult,SCMS from RDC,"Zidovudine 300mg, tablets, 60 Tabs",Zidovudine,Generic,300mg,Tablet,60,1530,10006.2,6.54,0.11,"Aurobindo Unit III, India",Yes,11337,23809.39,12.38
10803,104-CI-T01,Pre-PQ Process,SO-1688,DN-1557,Côte d'Ivoire,PMO - US,From RDC,N/A - From RDC,Air,Date Not Captured,N/A - From RDC,20-Dec-09,20-Dec-09,20-Dec-09,ARV,Adult,SCMS from RDC,"Saquinavir 200mg [Invirase], capsules, 270 Caps",Saquinavir,Invirase,200mg,Capsule,270,1042,82463.88,79.14,0.29,Roche Basel,Yes,Weight Captured Separately,Invoiced Separately,177.79
84533,106-HT-T30,FPQ-4384,SO-35920,DN-1667,Haiti,PMO - US,From RDC,N/A - From RDC,Air,10/23/09,N/A - From RDC,10-Mar-10,3-Mar-10,3-Mar-10,ARV,Pediatric,SCMS from RDC,"Abacavir 20mg/ml, oral solution, Bottle, 240 ml",Abacavir,Generic,20mg/ml,Oral solution,240,288,3916.8,13.6,0.06,"Aurobindo Unit III, India",No,See DN-1667 (ID#:82861),See DN-1667 (ID#:82861),8.44
63292,108-VN-T30,FPQ-13976,SCMS-236080,ASN-28050,Vietnam,PMO - US,Direct Drop,FCA,Air,4/8/14,4/30/14,1-Oct-14,1-Oct-14,1-Oct-14,ARV,Adult,ABBVIE LOGISTICS (FORMERLY ABBOTT LOGISTICS BV),"Ritonavir 100mg [Norvir], film coated tablets, 30 Tabs",Ritonavir,Norvir,100mg,Tablet,30,400,9304.0,23.26,0.78,ABBVIE Ludwigshafen Germany,Yes,52,379.77,9.56
85488,113-ZW-T30,FPQ-13508,SO-47530,DN-3780,Zimbabwe,PMO - US,From RDC,N/A - From RDC,Truck,12/24/13,N/A - From RDC,30-Jul-14,11-Jul-14,4-Aug-14,ARV,Adult,SCMS from RDC,"Nevirapine 200mg, tablets, 60 Tabs",Nevirapine,Generic,200mg,Tablet,60,51747,116948.22,2.26,0.04,"Strides, Bangalore, India.",No,See DN-3780 (ID#:84944),See DN-3780 (ID#:84944),120.22
49405,102-KE-T30,FPQ-6114,SCMS-80820,ASN-8587,Kenya,PMO - US,Direct Drop,EXW,Air,7/23/10,8/27/10,12-Nov-10,12-Nov-10,12-Nov-10,HRDT,HIV test,"Orgenics, Ltd","HIV 1/2, Determine Complete HIV Kit, 100 Tests","HIV 1/2, Determine Complete HIV Kit",Determine,,Test kit,100,2578,229442.0,89.0,0.89,Inverness Japan,Yes,1427,15353.45,494.68
83584,110-ZM-T30,FPQ-8476,SO-40955,DN-2624,Zambia,PMO - US,From RDC,N/A - From RDC,Truck,9/27/11,N/A - From RDC,15-May-12,30-Apr-12,30-Apr-12,ARV,Adult,SCMS from RDC,"Lamivudine/Zidovudine 150/300mg, tablets, 60 Tabs",Lamivudine/Zidovudine,Generic,150/300mg,Tablet - FDC,60,152458,1219664.0,8.0,0.13,Mylan (formerly Matrix) Nashik,Yes,28103,36650.58,2012.45
85259,102-LY-T30,FPQ-9665,SO-41900,DN-2641,Libya,PMO - US,From RDC,N/A - From RDC,Air,4/4/12,N/A - From RDC,23-May-12,23-May-12,23-May-12,ARV,Adult,SCMS from RDC,"Tenofovir Disoproxil Fumarate 300mg, tablets, 30 Tabs",Tenofovir Disoproxil Fumarate,Generic,300mg,Tablet,30,368,2024.0,5.5,0.18,Mylan (formerly Matrix) Nashik,No,See DN-2641 (ID#:83029),See DN-2641 (ID#:83029),2.84
86317,113-ZW-T30,FPQ-4694,SO-35351,DN-1948,Zimbabwe,PMO - US,From RDC,N/A - From RDC,Air,12/8/09,N/A - From RDC,30-Jul-10,22-Jul-10,22-Jul-10,ARV,Adult,SCMS from RDC,"Lamivudine/Stavudine 150/30mg, tablets, 60 Tabs",Lamivudine/Stavudine,Generic,150/30mg,Tablet - FDC,60,99,324.72,3.28,0.05,"Cipla, Goa, India",No,See DN-1948 (ID#:82906),See DN-1948 (ID#:82906),0.7
85077,123-NG-T30,FPQ-4014,SO-32974,DN-1570,Nigeria,PMO - US,From RDC,N/A - From RDC,Air Charter,7/27/09,N/A - From RDC,18-Dec-09,18-Dec-09,18-Dec-09,ARV,Adult,SCMS from RDC,"Abacavir 300mg, tablets, 60 Tabs",Abacavir,Generic,300mg,Tablet,60,755,16172.1,21.42,0.36,Mylan (formerly Matrix) Nashik,Yes,75,11637.64,31.7
12873,123-NG-T01,Pre-PQ Process,SO-22830,DN-1166,Nigeria,PMO - US,From RDC,N/A - From RDC,Air Charter,Pre-PQ Process,N/A - From RDC,8-May-09,8-May-09,8-May-09,ARV,Pediatric,SCMS from RDC,"Efavirenz 200mg, capsule, 90 Caps",Efavirenz,Generic,200mg,Capsule,90,1132,17274.32,15.26,0.17,"Aurobindo Unit III, India",No,See DN-1166 (ID#:12271),See DN-1166 (ID#:12271),33.86
84077,151-NG-T30,FPQ-6800,SO-38610,DN-2166,Nigeria,PMO - US,From RDC,N/A - From RDC,Air Charter,12/7/10,N/A - From RDC,31-Mar-11,11-May-11,11-May-11,ARV,Adult,SCMS from RDC,"Emtricitabine/Tenofovir Disoproxil Fumarate 200/300mg, tablets, 30 Tabs",Emtricitabine/Tenofovir Disoproxil Fumarate,Generic,200/300mg,Tablet - FDC,30,60756,640368.24,10.54,0.35,Mylan (formerly Matrix) Nashik,Yes,5481,12601.07,1056.61
83679,103-SS-T30,FPQ-11489,SO-44630,DN-3125,South Sudan,PMO - US,From RDC,N/A - From RDC,Air,1/16/13,N/A - From RDC,30-Apr-13,24-Apr-13,24-Apr-13,ARV,Adult,SCMS from RDC,"Nevirapine 200mg, tablets, 60 Tabs",Nevirapine,Generic,200mg,Tablet,60,378,854.28,2.26,0.04,Hetero Unit III Hyderabad IN,No,See DN-3125 (ID#:82571),See DN-3125 (ID#:82571),1.06
10708,109-TZ-T01,Pre-PQ Process,SO-2720,DN-765,Tanzania,PMO - US,From RDC,N/A - From RDC,Air,Pre-PQ Process,N/A - From RDC,1-Jul-08,1-Jul-08,1-Jul-08,ARV,Adult,SCMS from RDC,"Lamivudine 150mg, tablets, 60 Tabs",Lamivudine,Generic,150mg,Tablet,60,23230,67599.3,2.91,0.05,"Aurobindo Unit III, India",Yes,1156,6308.6,108.16
31941,108-VN-T30,FPQ-12051,SCMS-190500,ASN-21652,Vietnam,PMO - US,Direct Drop,EXW,Air,5/3/13,5/21/13,24-Sep-13,24-Sep-13,24-Sep-13,ARV,Adult,HETERO LABS LIMITED,"Efavirenz 600mg, tablets, 30 Tabs",Efavirenz,Generic,600mg,Tablet,30,27186,88082.64,3.24,0.11,"Hetero, Jadcherla, unit 5, IN",Yes,2321,3353.3,108.96
47312,116-ZA-T30,FPQ-13214,SCMS-215410,ASN-23875,South Africa,PMO - US,Direct Drop,DDP,Truck,11/14/13,12/2/13,13-Jan-14,13-Jan-14,13-Jan-14,ARV,Adult,S. BUYS WHOLESALER,"Emtricitabine/Tenofovir Disoproxil Fumarate 200/300mg, tablets, 30 Tabs",Emtricitabine/Tenofovir Disoproxil Fumarate,Generic,200/300mg,Tablet - FDC,30,26,777.92,29.92,1.0,"Aurobindo Unit III, India",No,Weight Captured Separately,Freight Included in Commodity Cost,0.8
78603,108-VN-T30,FPQ-7565,SCMS-107660,ASN-12154,Vietnam,PMO - US,Direct Drop,EXW,Air,4/21/11,5/2/11,18-Oct-11,18-Oct-11,18-Oct-11,ARV,Adult,HETERO LABS LIMITED,"Stavudine 30mg, capsules, 60 Caps",Stavudine,Generic,30mg,Capsule,60,18000,26100.0,1.45,0.02,Hetero Unit III Hyderabad IN,Yes,1390,11311.6,43.06
12741,106-HT-T01,Pre-PQ Process,SO-1286,DN-458,Haiti,PMO - US,From RDC,N/A - From RDC,Air,Pre-PQ Process,N/A - From RDC,5-Dec-07,5-Dec-07,5-Dec-07,ARV,Pediatric,SCMS from RDC,"Efavirenz 200mg, capsule, 90 Caps",Efavirenz,Generic,200mg,Capsule,90,500,8000.0,16.0,0.18,"Aurobindo Unit III, India",No,See DN-458 (ID#:11814),See DN-458 (ID#:11814),12.8
7675,104-CI-T01,Pre-PQ Process,SCMS-39420,ASN-3632,Côte d'Ivoire,PMO - US,Direct Drop,EXW,Air,Pre-PQ Process,2/24/09,24-Mar-09,24-Mar-09,24-Mar-09,HRDT,HIV test,"Orgenics, Ltd","HIV 1/2, Determine HIV Kit, without Lancets, 100 Tests","HIV 1/2, Determine HIV Kit, without Lancets",Determine,,Test kit,100,2000,140000.0,70.0,0.7,Inverness Japan,Yes,453,8603.58,274.4
85221,101-CD-T30,FPQ-8840,SO-41133,DN-2495,"Congo, DRC",PMO - US,From RDC,N/A - From RDC,Air,11/21/11,N/A - From RDC,16-Mar-12,14-Feb-12,14-Feb-12,ARV,Adult,SCMS from RDC,"Lamivudine/Nevirapine/Zidovudine 150/200/300mg, tablets, 60 Tabs",Lamivudine/Nevirapine/Zidovudine,Generic,150/300/200mg,Tablet - FDC,60,254,2794.0,11.0,0.18,Mylan (formerly Matrix) Nashik,No,See DN-2495 (ID#:83555),See DN-2495 (ID#:83555),3.92
17096,110-ZM-T30,FPQ-14130,SCMS-239730,ASN-30244,Zambia,PMO - US,Direct Drop,EXW,Air,4/22/14,5/19/14,5-May-15,12-May-15,14-May-15,HRDT,HIV test,"Orgenics, Ltd","HIV 1/2, Determine Complete HIV Kit, 100 Tests","HIV 1/2, Determine Complete HIV Kit",Determine,,Test kit,100,2863,229040.0,80.0,0.8,"Alere Medical Co., Ltd.",Yes,1159,15174.53,235.45
11205,104-CI-T01,Pre-PQ Process,SO-1298,DN-451,Côte d'Ivoire,PMO - US,From RDC,N/A - From RDC,Air,Pre-PQ Process,N/A - From RDC,17-Jan-08,17-Jan-08,17-Jan-08,ARV,Adult,SCMS from RDC,"Lopinavir/Ritonavir 200/50mg [Aluvia], tablets, 120 Tabs",Lopinavir/Ritonavir,Aluvia,200/50mg,Tablet,120,993,40812.3,41.1,0.34,ABBVIE (Abbott) Logis. UK,Yes,217,3499.1,65.3
86799,103-ZW-T30,FPQ-15197,SO-50011,DN-4225,Zimbabwe,PMO - US,From RDC,N/A - From RDC,Truck,10/16/14,N/A - From RDC,30-Apr-15,8-Apr-15,14-Apr-15,ARV,Pediatric,SCMS from RDC,"Lamivudine/Zidovudine 30/60mg, dispersible tablets, 60 Tabs",Lamivudine/Zidovudine,Generic,30/60mg,Chewable/dispersible tablet - FDC,60,47733,91647.36,1.92,0.03,"Cipla, Goa, India",Yes,6368,2592.56,107.87
10562,110-ZM-T01,Pre-PQ Process,SO-498,DN-182,Zambia,PMO - US,From RDC,N/A - From RDC,,Pre-PQ Process,N/A - From RDC,14-Jun-07,14-Jun-07,14-Jun-07,ARV,Adult,SCMS from RDC,"Abacavir 300mg, tablets, 60 Tabs",Abacavir,Generic,300mg,Tablet,60,8905,318799.0,35.8,0.6,"Aurobindo Unit III, India",Yes,3139,13094.69,
82955,111-MZ-T30,FPQ-7053,SO-39400,DN-2240,Mozambique,PMO - US,From RDC,N/A - From RDC,Truck,1/24/11,N/A - From RDC,10-Aug-11,4-Aug-11,4-Aug-11,ARV,Adult,SCMS from RDC,"Nevirapine 200mg, tablets, 60 Tabs",Nevirapine,Generic,200mg,Tablet,60,2800,7224.0,2.58,0.04,Hetero Unit III Hyderabad IN,Yes,161,5491.01,11.92
84505,105-GY-T30,FPQ-4438,SO-34480,DN-1505,Guyana,PMO - US,From RDC,N/A - From RDC,Air,10/15/09,N/A - From RDC,23-Nov-09,3-Nov-09,3-Nov-09,ARV,Adult,SCMS from RDC,"Lamivudine 150mg, tablets, 60 Tabs",Lamivudine,Generic,150mg,Tablet,60,455,1110.2,2.44,0.04,"Aurobindo Unit III, India",No,See DN-1505 (ID#:84504),See DN-1505 (ID#:84504),2.39
86337,106-HT-T30,FPQ-5523,SO-36741,DN-2015,Haiti,PMO - US,From RDC,N/A - From RDC,Air,4/19/10,N/A - From RDC,30-Sep-10,7-Oct-10,7-Oct-10,ARV,Pediatric,SCMS from RDC,"Efavirenz 50mg, capsule, 30 Caps",Efavirenz,Generic,50mg,Capsule,30,70,156.8,2.24,0.07,"Aurobindo Unit III, India",No,See DN-2015 (ID#:82917),See DN-2015 (ID#:82917),0.34
83193,110-ZM-T30,FPQ-12066,SO-45070,DN-3448,Zambia,PMO - US,From RDC,N/A - From RDC,Truck,4/19/13,N/A - From RDC,25-Mar-14,25-Mar-14,2-Apr-14,ARV,Pediatric,SCMS from RDC,"Lamivudine/Nevirapine/Zidovudine 30/50/60mg, dispersible tablets, 60 Tabs",Lamivudine/Nevirapine/Zidovudine,Generic,30/50/60mg,Chewable/dispersible tablet - FDC,60,37979,147738.31,3.89,0.06,"Strides, Bangalore, India.",Yes,1628,3526.69,182.75
7325,116-ZA-T01,Pre-PQ Process,SCMS-28830,ASN-2502,South Africa,PMO - US,Direct Drop,DDP,Truck,Pre-PQ Process,Date Not Captured,25-Aug-08,18-Aug-08,18-Aug-08,ARV,Adult,S. BUYS WHOLESALER,"Nevirapine 200mg, tablets, 60 Tabs",Nevirapine,Generic,200mg,Tablet,60,240,4860.0,20.25,0.34,"Cipla, Goa, India",No,Weight Captured Separately,Freight Included in Commodity Cost,7.78
49386,161-ZA-T30,FPQ-7175,SCMS-104020,ASN-10875,South Africa,PMO - US,Direct Drop,DDP,Ocean,3/10/11,3/28/11,14-Jul-11,14-Jul-11,14-Jul-11,ARV,Adult,CIPLA LIMITED,"Tenofovir Disoproxil Fumarate 300mg, tablets, 30 Tabs",Tenofovir Disoproxil Fumarate,Generic,300mg,Tablet,30,54008,349431.76,6.47,0.22,"Cipla, Goa, India",Yes,3658,12796.59,576.56
68577,101-CD-T30,FPQ-10044,SCMS-149140,ASN-15986,"Congo, DRC",PMO - US,Direct Drop,EXW,Air,6/5/12,6/27/12,27-Feb-13,27-Feb-13,27-Feb-13,HRDT,HIV test,"Orgenics, Ltd","HIV 1/2, Determine Complete HIV Kit, 100 Tests","HIV 1/2, Determine Complete HIV Kit",Determine,,Test kit,100,1505,120400.0,80.0,0.8,"Alere Medical Co., Ltd.",Yes,746,13037.01,168.8
10943,117-ET-T01,Pre-PQ Process,SO-1719,DN-593,Ethiopia,PMO - US,From RDC,N/A - From RDC,Air,Pre-PQ Process,N/A - From RDC,5-Feb-08,5-Feb-08,5-Feb-08,ARV,Adult,SCMS from RDC,"Zidovudine 300mg, tablets, 60 Tabs",Zidovudine,Generic,300mg,Tablet,60,10000,81500.0,8.15,0.14,"Aurobindo Unit III, India",Yes,574,3787.32,130.4
86438,101-CD-T30,FPQ-8840,SO-41131,DN-2493,"Congo, DRC",PMO - US,From RDC,N/A - From RDC,Air,11/21/11,N/A - From RDC,16-Mar-12,14-Feb-12,14-Feb-12,ARV,Adult,SCMS from RDC,"Efavirenz 600mg, tablets, 30 Tabs",Efavirenz,Generic,600mg,Tablet,30,42,173.04,4.12,0.14,"Strides, Bangalore, India.",No,See DN-2493 (ID#:82432),See DN-2493 (ID#:82432),0.24
3154,102-BW-T01,Pre-PQ Process,SCMS-22770,ASN-2234,Botswana,PMO - US,Direct Drop,EXW,Air,Pre-PQ Process,4/28/08,20-Jan-09,3-Sep-08,3-Sep-08,HRDT,HIV test,"Orgenics, Ltd","HIV 1/2, Determine HIV Kit, without Lancets, 100 Tests","HIV 1/2, Determine HIV Kit, without Lancets",Determine,,Test kit,100,100,7199.0,71.99,0.72,Inverness Japan,Yes,25,1038.39,11.52
66792,108-VN-T30,FPQ-5094,SCMS-68370,ASN-7486,Vietnam,PMO - US,Direct Drop,EXW,Air,3/15/10,3/24/10,3-Aug-10,3-Aug-10,3-Aug-10,ARV,Adult,STRIDES ARCOLAB LIMITED,"Lamivudine 150mg, tablets, 60 Tabs",Lamivudine,Generic,150mg,Tablet,60,43262,101665.7,2.35,0.04,"Strides, Bangalore, India.",Yes,2035,8711.4,219.19
5352,102-GY-T01,Pre-PQ Process,SCMS-765,ASN-575,Guyana,PMO - US,Direct Drop,EXW,Air,Pre-PQ Process,7/6/07,7-Aug-07,7-Aug-07,7-Aug-07,HRDT,HIV test,"Trinity Biotech, Plc","HIV 1/2, Uni-Gold HIV Kit, 20 Tests","HIV 1/2, Uni-Gold HIV Kit",Uni-Gold,,Test kit,20,1500,48000.0,32.0,1.6,"Trinity Biotech, Plc",Yes,515,8576.8,76.8
1337,104-CI-T01,Pre-PQ Process,SCMS-610,ASN-813,Côte d'Ivoire,PMO - US,Direct Drop,CIP,Air,Pre-PQ Process,5/9/07,23-Oct-07,23-Oct-07,23-Oct-07,ARV,Pediatric,BRISTOL-MYERS SQUIBB,"Didanosine 50mg [Videx], chewable tablets, 60 Tabs",Didanosine,Videx,50mg,Chewable/dispersible tablet,60,1577,14981.5,9.5,0.16,"BMS Meymac, France",Yes,306,Freight Included in Commodity Cost,23.97
7975,114-UG-T01,Pre-PQ Process,SCMS-176,ASN-129,Uganda,PMO - US,Direct Drop,EXW,Air,Pre-PQ Process,Date Not Captured,22-Dec-06,22-Dec-06,22-Dec-06,ARV,Adult,ASPEN PHARMACARE,"Lamivudine/Zidovudine+Nevirapine 150/300+200mg, tablets, co-blister, 60+60 Tabs",Lamivudine/Zidovudine+Nevirapine,Generic,150/300+200mg,Tablet - FDC + co-blister,120,1270,26670.0,21.0,0.18,"Aspen-OSD, Port Elizabeth, SA",Yes,201,1262.91,
83988,151-NG-T30,FPQ-4537,SO-35060,DN-1720,Nigeria,PMO - US,From RDC,N/A - From RDC,Air Charter,11/6/09,N/A - From RDC,19-Apr-10,31-Mar-10,31-Mar-10,ARV,Adult,SCMS from RDC,"Lamivudine/Nevirapine/Zidovudine 150/200/300mg, tablets, 60 Tabs",Lamivudine/Nevirapine/Zidovudine,Generic,150/300/200mg,Tablet - FDC,60,100000,1122000.0,11.22,0.19,"Aurobindo Unit III, India",Yes,11725,Freight Included in Commodity Cost,2419.03
2432,116-ZA-T01,Pre-PQ Process,SCMS-40860,ASN-3581,South Africa,PMO - US,Direct Drop,DDP,Air,Pre-PQ Process,Date Not Captured,23-Jun-09,29-Jan-09,29-Jan-09,ARV,Adult,S. BUYS WHOLESALER,"Lamivudine 150mg, tablets, 60 Tabs",Lamivudine,Generic,150mg,Tablet,60,6700,36582.0,5.46,0.09,"Aurobindo Unit III, India",Yes,Weight Captured Separately,Freight Included in Commodity Cost,71.7
72776,102-GY-T30,FPQ-6983,SCMS-97150,ASN-9832,Guyana,PMO - US,Direct Drop,EXW,Air,1/5/11,2/2/11,28-Mar-11,28-Mar-11,28-Mar-11,HRDT,HIV test,"Trinity Biotech, Plc","HIV 1/2, Uni-Gold HIV Kit, 20 Tests","HIV 1/2, Uni-Gold HIV Kit",Uni-Gold,,Test kit,20,1975,63200.0,32.0,1.6,"Trinity Biotech, Plc",Yes,659,9106.51,104.28
29043,106-HT-T30,FPQ-14083,SCMS-240202,ASN-28245,Haiti,PMO - US,Direct Drop,EXW,Ocean,5/11/14,7/31/14,17-Nov-14,17-Nov-14,17-Nov-14,ARV,Pediatric,MYLAN LABORATORIES LTD (FORMERLY MATRIX LABORATORIES),"Lamivudine/Zidovudine 30/60mg, dispersible tablets, 60 Tabs",Lamivudine/Zidovudine,Generic,30/60mg,Chewable/dispersible tablet - FDC,60,2550,5074.5,1.99,0.03,"Mylan,  H-12 & H-13, India",Yes,199,5215.49,5.22
84508,114-UG-T30,FPQ-4275,SO-33980,DN-1517,Uganda,PMO - US,From RDC,N/A - From RDC,Air,9/17/09,N/A - From RDC,27-Nov-09,2-Dec-09,2-Dec-09,ARV,Adult,SCMS from RDC,"Nevirapine 200mg, tablets, 60 Tabs",Nevirapine,Generic,200mg,Tablet,60,10453,30313.7,2.9,0.05,"Aurobindo Unit III, India",Yes,1001,3228.26,59.41
82501,104-CI-T30,FPQ-9749,SO-42381,DN-2813,Côte d'Ivoire,PMO - US,From RDC,N/A - From RDC,Truck,4/19/12,N/A - From RDC,29-Oct-12,27-Aug-12,27-Aug-12,ARV,Pediatric,SCMS from RDC,"Zidovudine 100mg, capsules, 100 Caps",Zidovudine,Generic,100mg,Capsule,100,490,2303.0,4.7,0.05,"Aurobindo Unit III, India",Yes,4359,12101.96,3.23
69219,107-RW-T30,FPQ-12518,SCMS-198222,ASN-24439,Rwanda,PMO - US,Direct Drop,EXW,Air,6/21/13,8/12/13,27-Mar-14,27-Mar-14,27-Mar-14,HRDT,HIV test,"SHANGHAI KEHUA BIOENGINEERING CO.,LTD.  (KHB)","HIV 1/2, SKB Colloidal Gold, Diagnostic Kit, Antibody, 50 Tests","HIV 1/2, Colloidal Gold, Diagnostic Kit, Antibody",Colloidal Gold,,Test kit,1,2988,73206.0,24.5,24.5,"KHB Test Kit Facility, Shanghai China",Yes,1992,27313,90.56
6933,102-NG-T01,Pre-PQ Process,SCMS-16880,ASN-1462,Nigeria,PMO - US,Direct Drop,EXW,Air,Pre-PQ Process,1/7/08,21-Apr-08,27-Mar-08,27-Mar-08,HRDT,HIV test,"CHEMBIO DIAGNOSTIC SYSTEMS, INC.","HIV 1/2, Stat-Pak HIV, Kit, 20 Tests","HIV 1/2, Stat-Pak HIV, Kit",Stat-Pak,,Test kit,20,8153,220131.0,27.0,1.35,Chembio Diagnostics Sys. Inc.,Yes,2707,13535.55,352.21
11877,132-NG-T01,Pre-PQ Process,SO-2708,DN-806,Nigeria,PMO - US,From RDC,N/A - From RDC,Air,Pre-PQ Process,N/A - From RDC,27-Jun-08,27-Jun-08,27-Jun-08,ARV,Adult,SCMS from RDC,"Efavirenz 600mg, tablets, 30 Tabs",Efavirenz,Generic,600mg,Tablet,30,25000,300250.0,12.01,0.4,"Aurobindo Unit III, India",Yes,2173,9906.63,480.4
10761,151-NG-T01,Pre-PQ Process,SO-21787,DN-1194,Nigeria,PMO - US,From RDC,N/A - From RDC,Air,Pre-PQ Process,N/A - From RDC,30-Apr-09,30-Apr-09,30-Apr-09,ARV,Adult,SCMS from RDC,"Emtricitabine/Tenofovir Disoproxil Fumarate 200/300mg [Truvada], tablets, 30 Tabs",Emtricitabine/Tenofovir Disoproxil Fumarate,Truvada,300/200mg,Tablet - FDC,30,3392,89040.0,26.25,0.88,"Aspen-OSD, Port Elizabeth, SA",Yes,298,2922.53,174.52
11345,104-CI-T01,Pre-PQ Process,SO-32230,DN-1359,Côte d'Ivoire,PMO - US,From RDC,N/A - From RDC,Air,Date Not Captured,N/A - From RDC,8-Sep-09,8-Sep-09,8-Sep-09,ARV,Adult,SCMS from RDC,"Zidovudine 300mg, tablets, 60 Tabs",Zidovudine,Generic,300mg,Tablet,60,8000,60240.0,7.53,0.13,Hetero Unit III Hyderabad IN,Yes,452,Freight Included in Commodity Cost,118.07
70366,104-CI-T30,FPQ-4381,SCMS-57280,ASN-6443,Côte d'Ivoire,PMO - US,Direct Drop,CIP,Air,11/5/09,11/17/09,16-Apr-10,16-Apr-10,16-Apr-10,ARV,Adult,MERCK SHARP & DOHME IDEA GMBH (FORMALLY MERCK SHARP & DOHME B.V.),"Efavirenz/Emtricitabine/Tenofovir Disoproxil Fumarate 600/200/300mg [Atripla], tablets, 30 Tabs",Efavirenz/Emtricitabine/Tenofovir Disoproxil Fumarate,Atripla,600/200/300mg,Tablet - FDC,30,3600,181440.0,50.4,1.68,"MSD, Haarlem, NL",Yes,402,1924.57,355.62
85911,111-MZ-T30,FPQ-10210,SO-42821,DN-2911,Mozambique,PMO - US,From RDC,N/A - From RDC,Truck,6/28/12,N/A - From RDC,30-Nov-12,14-Nov-12,14-Nov-12,ARV,Adult,SCMS from RDC,"Lamivudine/Zidovudine 150/300mg, tablets, 60 Tabs",Lamivudine/Zidovudine,Generic,150/300mg,Tablet - FDC,60,24732,190931.04,7.72,0.13,Hetero Unit III Hyderabad IN,Yes,2143,6323.1,267.69
83523,900-GH-T30,FPQ-7866,SO-40000,DN-2320,Ghana,PMO - US,From RDC,N/A - From RDC,Air,6/13/11,N/A - From RDC,14-Nov-11,14-Nov-11,14-Nov-11,ARV,Adult,SCMS from RDC,"Lamivudine/Zidovudine 150/300mg, tablets, 60 Tabs",Lamivudine/Zidovudine,Generic,150/300mg,Tablet - FDC,60,32168,265707.68,8.26,0.14,Mylan (formerly Matrix) Nashik,Yes,5199,585,438.42
38793,113-ZW-T30,FPQ-7521,SCMS-108000,ASN-12242,Zimbabwe,PMO - US,Direct Drop,EXW,Air,4/7/11,5/5/11,19-Oct-11,19-Oct-11,19-Oct-11,HRDT,HIV test,"Orgenics, Ltd","HIV 1/2, Determine Complete HIV Kit, 100 Tests","HIV 1/2, Determine Complete HIV Kit",Determine,,Test kit,100,2856,228480.0,80.0,0.8,Inverness Japan,Yes,1102,26846.59,376.99
12926,117-ET-T01,Pre-PQ Process,SO-34350,DN-1502,Ethiopia,PMO - US,From RDC,N/A - From RDC,Air,Date Not Captured,N/A - From RDC,27-Oct-09,27-Oct-09,27-Oct-09,ARV,Adult,SCMS from RDC,"Nevirapine 200mg, tablets, 60 Tabs",Nevirapine,Generic,200mg,Tablet,60,12873,37331.7,2.9,0.05,"Aurobindo Unit III, India",Yes,1258,6027.68,80.49
8760,141-NA-T01,Pre-PQ Process,SCMS-32420,ASN-3079,Namibia,PMO - US,Direct Drop,EXW,Air,Pre-PQ Process,10/24/08,14-Jan-09,14-Jan-09,14-Jan-09,HRDT,HIV test,"Trinity Biotech, Plc","HIV 1/2, Uni-Gold HIV Kit, 20 Tests","HIV 1/2, Uni-Gold HIV Kit",Uni-Gold,,Test kit,20,35,1120.0,32.0,1.6,"Trinity Biotech, Plc",Yes,12,585.12,2.2
84858,111-MZ-T30,FPQ-11884,SO-44870,DN-3339,Mozambique,PMO - US,From RDC,N/A - From RDC,Truck,3/19/13,N/A - From RDC,31-Oct-13,13-Nov-13,2-Dec-13,ARV,Adult,SCMS from RDC,"Lamivudine/Zidovudine 150/300mg, tablets, 60 Tabs",Lamivudine/Zidovudine,Generic,150/300mg,Tablet - FDC,60,21984,159823.68,7.27,0.12,"Aurobindo Unit III, India",No,See DN-3339 (ID#:83718),See DN-3339 (ID#:83718),197.7
47975,108-VN-T30,FPQ-7898,SCMS-113690,ASN-12713,Vietnam,PMO - US,Direct Drop,FCA,Air,6/27/11,7/8/11,17-Nov-11,17-Nov-11,17-Nov-11,ARV,Adult,ABBVIE LOGISTICS (FORMERLY ABBOTT LOGISTICS BV),"Lopinavir/Ritonavir 200/50mg [Aluvia], tablets, 120 Tabs",Lopinavir/Ritonavir,Aluvia,200/50mg,Tablet,120,1575,129465.0,82.2,0.68,ABBVIE Ludwigshafen Germany,Yes,382,5528.41,213.62
45652,116-ZA-T30,FPQ-11828,SCMS-183950,ASN-19166,South Africa,South Africa Field Office,Direct Drop,DDP,Truck,3/18/13,Date Not Captured,16-Apr-13,16-Apr-13,16-Apr-13,ARV,Adult,S. BUYS WHOLESALER,"Emtricitabine/Tenofovir Disoproxil Fumarate 200/300mg, tablets, 30 Tabs",Emtricitabine/Tenofovir Disoproxil Fumarate,Generic,200/300mg,Tablet - FDC,30,3,91.69,30.56,1.02,"Aurobindo Unit III, India",No,Weight Captured Separately,Freight Included in Commodity Cost,0.11
11626,107-RW-T01,Pre-PQ Process,SO-17230,DN-961,Rwanda,PMO - US,From RDC,N/A - From RDC,Truck,Pre-PQ Process,N/A - From RDC,28-Oct-08,28-Oct-08,28-Oct-08,ARV,Adult,SCMS from RDC,"Nevirapine 200mg, tablets, 60 Tabs",Nevirapine,Generic,200mg,Tablet,60,288,921.6,3.2,0.05,"Aurobindo Unit III, India",Yes,28,896.26,1.81
